3086 5040
180 485 1196 559 §a-nunnamnaonironrconrmrmaaronrsmrmosuscmrrr
1232 477 1249 534 'l

180 637 220 699 ad
241 657 348 698 rerum
369 636 560 720 dignitatem
581 645 657 716 apta
678 642 709 696 61
727 632 819 716 quasi
839 631 965 693 decore.
987 629 1034 691 Dc
1056 628 1125 703 Or.,
1149 635 1176 702 1,
1198 633 1247 702 32,

182 731 249 787 144.
267 724 316 787 Cf.
336 732 363 799 1,
380 731 429 799 31,
449 729 525 788 137:
542 745 606 785 non
621 723 749 807 negabo
765 742 815 783 me
831 721 892 782 ista
907 719 1049 781 omnium
1066 717 1250 780 communia

180 824 212 876 et
226 814 364 876 contrita
377 822 550 896 praecepta
566 812 728 874 didicisse.

221 903 361 982 Quinam
373 903 471 985 igitur
482 901 608 963 dicendi
620 911 669 963 661
680 900 794 962 modus
806 899 956 960 melior...
970 917 1065 979 quam
1076 905 1111 958 ut
1120 895 1247 969 Latine,

180 1000 215 1053 ut
223 993 340 1073 plane,
358 1001 394 1052 ut
408 1003 534 1064 ornate,
552 1000 587 1052 ut
601 990 641 1050 ad
657 989 689 1050 id
705 989 927 1072 quodcumque
943 994 1059 1070 agetur
1078 995 1154 1068 apte
1173 1003 1250 1046 con-

180 1089 398 1162 gruenterque
415 1079 585 1140 dicamus?
599 1077 648 1139 De
664 1077 733 1150 Or.,
751 1083 780 1150 3,
800 1082 847 1150 10,
865 1081 914 1139 37.

220 1167 384 1229 Faciles...
402 1176 511 1250 partes
527 1187 583 1228 eae
599 1167 727 1228 luerunt
742 1166 860 1240 duae.,.
878 1165 995 1226 Latine
1009 1161 1160 1246 loquendi
1174 1161 1217 1244 pl
1240 1197 1250 1207 ·

181 1279 285 1338 neque
300 1256 438 1318 dicendi.
455 1255 503 1318 De
520 1256 588 1329 Or.,
606 1261 635 1329 3,
655 1259 701 1329 14,
720 1260 769 1317 52.

221 1345 256 1407 ld
272 1355 322 1408 est
336 1345 422 1428 quod
437 1345 508 1407 dico
524 1356 651 1405 ornate.
669 1344 717 1406 De
733 1344 802 1418 Or.,
820 1348 849 1417 3,
869 1347 916 1415 14,
934 1347 983 1404 53.

221 1434 365 1518 Exposui
380 1434 447 1495 1616
462 1443 497 1495 ut
512 1433 602 1516 potui
617 1453 699 1515 quae
715 1432 851 1494 maxime
867 1431 907 1493 ad
923 1442 1077 1492 ornatum
1097 1427 1250 1490 orationis

180 1523 343 1606 pertinere
358 1523 547 1584 arbitrabar.
565 1522 613 1584 Dc
629 1522 699 1596 Or.,
716 1527 746 1596 3,
764 1526 812 1595 52,
832 1527 899 1582 199.

222 1612 382 1691 Quoniam
406 1611 445 1673 de
470 1623 590 1672 ornatu
615 1610 702 1672 omni
724 1610 877 1672 orationis
902 1617 976 1670 sunt
1000 1627 1111 1668 omnes
1136 1606 1163 1668 si
1187 1625 1250 1667 non

180 1701 333 1783 patefacti
353 1709 491 1762 atcerte
512 1700 754 1762 commonstrati
774 1699 846 1773 loci,
868 1719 952 1759 nunc
971 1696 1047 1780 quid
1067 1708 1181 1778 aptum
1197 1695 1247 1769 sit,

180 1791 241 1852 hoc
261 1800 310 1852 est
329 1790 405 1873 quid
422 1790 559 1852 maxime
575 1790 687 1852 deceat
701 1789 733 1850 in
749 1789 904 1862 oratione,
921 1787 1098 1849 videamus.
1115 1785 1162 1847 De
1179 1785 1247 1858 Or,

180 1883 209 1953 3,
227 1884 276 1956 55,
295 1884 363 1940 210.

227 2021 380 2112 Denique
397 2045 474 2088 eum
489 2022 676 2113 perlectum
692 2045 769 2088 6666
785 2030 956 2088 oratorem
973 2018 1124 2085 declarat
1141 2017 1198 2107 qui
1215 2017 1250 2082 in

182 2137 330 2228 quinque
347 2137 431 2205 artis
447 2137 636 2204 rhetoricae
647 2137 803 2227 partibus
815 2135 1057 2226 perfectionem
1069 2141 1250 2201 assecutus

181 2253 226 2321 sit
242 2263 344 2345 atque
360 2253 626 2322 absolutionem:

223 2396 257 2458 Si
273 2397 345 2479 quis
360 2397 542 2459 universam
559 2405 590 2458 61
605 2396 768 2479 propriam
784 2395 920 2457 oratoris
935 2395 999 2456 vim
1015 2393 1146 2456 delinire
1162 2413 1250 2454 com-

181 2486 342 2569 plectique
361 2486 437 2560 volt,
459 2486 487 2546 is
507 2495 614 2546 orator
636 2486 696 2547 6111
718 2505 789 2546 mea
810 2484 968 2547 sententia
989 2484 1049 2544 hoc
1071 2493 1136 2544 tam
1159 2482 1250 2567 gravi

182 2574 301 2658 dignus
316 2575 445 2637 nomine
460 2575 525 2658 qui,
544 2595 764 2657 quaecumque
785 2595 836 2636 res
856 2573 1103 2655 inciderit-quae
1123 2572 1164 2633 sit
1183 2571 1250 2633 dic-

182 2664 267 2726 tione
283 2664 483 2746 explicanda,
499 2665 683 2746 prudenter
698 2674 729 2726 61
749 2664 926 2745 composite
946 2671 978 2723 61
996 2673 1112 2722 ornate
1132 2670 1164 2722 61
1182 2681 1250 2721 me-

182 2764 317 2814 morator
332 2752 416 2815 dicet
427 2773 497 2814 cum
509 2752 647 2835 quadam
659 2754 798 2813 actionis
809 2751 905 2814 etiam
917 2749 1074 2834 dignitate
1087 2759 1106 2811 ¹.
1119 2749 1167 2811 De
1179 2748 1247 2824 Or.‚
1259 2765 1264 2776 ’

184 2847 210 2915 1,
230 2846 277 2916 15,
294 2846 344 2902 64.

182 3090 196 3163 5
211 3085 242 3149 3.
259 3122 304 3132 -
318 3085 432 3152 Num
447 3085 547 3152 libri
563 3085 616 3152 de
633 3085 817 3152 Oratore
838 3091 992 3152 contra
1013 3110 1028 3144 «
1051 3084 1250 3152 rhetores
1267 3049 1272 3067 ¹

464 3201 681 3284 Latinos»
708 3201 859 3285 scripti
884 3202 972 3268 sint

226 3396 278 3460 Ex
299 3393 342 3461 iis
363 3393 471 3485 igitur
492 3417 579 3484 quae
602 3392 701 3461 modo
724 3394 900 3461 attulimus
924 3403 1058 3462 constat
1081 3394 1187 3462 libros
1208 3395 1248 3461 de

183 3510 328 3578 Oratore
344 3533 410 3577 non
427 3519 545 3577 contra
561 3533 683 3576 omnes
698 3509 852 3576 rhetores
872 3534 981 3600 neque
1002 3522 1120 3578 contra
1140 3510 1249 3601 ipsam

182 3625 386 3694 rhetoricam
402 3649 479 3692 esse
496 3625 642 3715 scriptos
652 3627 676 3692 2.
691 3627 778 3694 Cum
793 3635 907 3692 tamen
923 3627 1043 3717 negari
1058 3649 1124 3693 non
1140 3627 1251 3717 possit

217 3798 242 3847 1.
265 3797 397 3866 Quinque
417 3805 513 3866 partes
533 3796 694 3848 rhetoricae
712 3796 757 3848 hic
779 3795 934 3865 significari
955 3797 1081 3850 editores
1097 3815 1195 3850 omnes
1210 3798 1250 3849 in-

184 3875 330 3944 tellegunt.
347 3876 419 3928 Vide
435 3876 632 3929 adnotationes
652 3895 723 3946 quas
742 3877 935 3946 adposuerunt
951 3877 1247 3938 Piderit-Harnecker‚

184 3955 277 4016 Sorof,
295 3955 432 4016 Wilkins,
451 3956 540 4017 Cima,
559 3956 723 4008 Courhaud.

218 4036 243 4086 2.
265 4034 349 4087 Obici
371 4035 469 4105 nequit
487 4036 522 4088 de
542 4035 604 4097 Ο1.,
630 4039 654 4095 1,
679 4038 721 4097 29,
747 4038 814 4087 133:
839 4056 850 4084 «
873 4037 980 4089 Nostro
995 4055 1080 4090 more
1099 4038 1249 4107 aliquando

183 4133 237 4168 non
257 4113 395 4168 rhetorico
416 4114 566 4185 loquamur
586 4137 610 4168 1.
632 4116 777 4183 (Thomas.
796 4118 955 4170 Morceaux
975 4117 1124 4178 choisis,...
1142 4120 1248 4187 p..x11).

183 4195 252 4246 Nam
268 4194 363 4245 statim
379 4194 493 4246 additur
509 4214 513 4244 :
534 4215 545 4244 6
561 4195 678 4248 Minime
693 4213 763 4255 0610,
783 4197 874 4266 inquit
890 4196 974 4248 Cotta
990 4218 1014 4248 1.
1032 4197 1132 4249 Cottae
1148 4198 1249 4250 deinde

183 4283 210 4326 et
226 4274 354 4345 Sulpicio
374 4274 498 4326 Crassus
518 4274 698 4346 obsequitur.
721 4276 855 4328 Ceterum
876 4277 999 4330 Crassus
1019 4278 1129 4329 dixerat
1151 4297 1163 4326 6
1183 4280 1249 4330 Ser-

184 4371 291 4406 monem
311 4353 369 4406 0110
389 4353 598 4422 transferamus
617 4366 645 4407 61
659 4366 758 4408 nostro
774 4374 853 4409 more
869 4356 1020 4428 aliquando
1035 4375 1091 4410 non
1105 4357 1250 4412 rhetorico
