<?xml version="1.0" encoding="UTF-8"?>
<!DOCTYPE html PUBLIC "-//W3C//DTD XHTML 1.0 Transitional//EN"
    "http://www.w3.org/TR/xhtml1/DTD/xhtml1-transitional.dtd">
<html xmlns="http://www.w3.org/1999/xhtml" xml:lang="en" lang="en">
 <head>
  <title>
</title>
<meta http-equiv="Content-Type" content="text/html;charset=utf-8" />
  <meta name='ocr-system' content='tesseract 3.04.00' />
  <meta name='ocr-capabilities' content='ocr_page ocr_carea ocr_par ocr_line ocrx_word'/>
</head>
<body>
  <div class='ocr_page' id='page_1' title='image "./demtulliciceron00laurgoog_0070.png"; bbox 0 0 3086 5040; ppageno 0'>
   <div class='ocr_carea' id='block_1_1' title="bbox 650 1203 877 1272">
    <p class='ocr_par' dir='ltr' id='par_1_1' title="bbox 650 1203 877 1272">
     <span class='ocr_line' id='line_1_1' title="bbox 650 1203 877 1272; baseline 0 0"><span class='ocrx_word' id='word_1_1' title='bbox 650 1203 803 1272; x_wconf 86' lang='lat' dir='ltr'>CAPUT</span> <span class='ocrx_word' id='word_1_2' title='bbox 829 1207 877 1272; x_wconf 89' lang='lat'>111</span> 
     </span>
    </p>
   </div>
   <div class='ocr_carea' id='block_1_2' title="bbox 259 1427 1270 1541">
    <p class='ocr_par' dir='ltr' id='par_1_2' title="bbox 259 1427 1270 1541">
     <span class='ocr_line' id='line_1_2' title="bbox 259 1427 1270 1541; baseline 0.004 -21"><span class='ocrx_word' id='word_1_3' title='bbox 259 1427 391 1541; x_wconf 88' lang='lat' dir='ltr'>Quid</span> <span class='ocrx_word' id='word_1_4' title='bbox 430 1431 799 1522; x_wconf 87' lang='lat' dir='ltr'>recentioribus</span> <span class='ocrx_word' id='word_1_5' title='bbox 832 1431 1005 1522; x_wconf 85' lang='lat' dir='ltr'>Cicero</span> <span class='ocrx_word' id='word_1_6' title='bbox 1037 1432 1270 1524; x_wconf 84' lang='lat' dir='ltr'>debuerit</span> 
     </span>
    </p>
   </div>
   <div class='ocr_carea' id='block_1_3' title="bbox 230 1728 1296 2748">
    <p class='ocr_par' dir='ltr' id='par_1_3' title="bbox 230 1728 1296 2748">
     <span class='ocr_line' id='line_1_3' title="bbox 275 1728 1294 1823; baseline 0.003 -27"><span class='ocrx_word' id='word_1_7' title='bbox 275 1731 382 1796; x_wconf 92' lang='lat' dir='ltr'>Nemo</span> <span class='ocrx_word' id='word_1_8' title='bbox 403 1728 452 1796; x_wconf 89' lang='lat' dir='ltr'>ita</span> <span class='ocrx_word' id='word_1_9' title='bbox 471 1739 526 1797; x_wconf 92' lang='lat' dir='ltr'>est</span> <span class='ocrx_word' id='word_1_10' title='bbox 544 1729 760 1820; x_wconf 91' lang='lat' dir='ltr'>antiquorum</span> <span class='ocrx_word' id='word_1_11' title='bbox 779 1730 954 1798; x_wconf 91' lang='lat' dir='ltr'>studiosus</span> <span class='ocrx_word' id='word_1_12' title='bbox 973 1741 1012 1798; x_wconf 97' lang='lat' dir='ltr'>ut</span> <span class='ocrx_word' id='word_1_13' title='bbox 1031 1732 1192 1823; x_wconf 81' lang='lat' dir='ltr'>aequales</span> <span class='ocrx_word' id='word_1_14' title='bbox 1213 1756 1294 1801; x_wconf 94' lang='lat' dir='ltr'>suos</span> 
     </span>
     <span class='ocr_line' id='line_1_4' title="bbox 230 1845 1296 1938; baseline 0.002 -25"><span class='ocrx_word' id='word_1_15' title='bbox 230 1846 366 1935; x_wconf 90' lang='lat' dir='ltr'>penitus</span> <span class='ocrx_word' id='word_1_16' title='bbox 390 1846 538 1937; x_wconf 79' lang='lat' dir='ltr'>ignoret,</span> <span class='ocrx_word' id='word_1_17' title='bbox 567 1871 628 1914; x_wconf 92' lang='lat' dir='ltr'>nec</span> <span class='ocrx_word' id='word_1_18' title='bbox 654 1845 835 1937; x_wconf 92' lang='lat' dir='ltr'>quisquam</span> <span class='ocrx_word' id='word_1_19' title='bbox 862 1871 899 1913; x_wconf 90' lang='lat' dir='ltr'>se</span> <span class='ocrx_word' id='word_1_20' title='bbox 927 1847 975 1914; x_wconf 92' lang='lat' dir='ltr'>ita</span> <span class='ocrx_word' id='word_1_21' title='bbox 998 1847 1033 1914; x_wconf 92' lang='lat' dir='ltr'>in</span> <span class='ocrx_word' id='word_1_22' title='bbox 1058 1847 1296 1938; x_wconf 77' lang='lat' dir='ltr'><strong>antiquitatem</strong></span> 
     </span>
     <span class='ocr_line' id='line_1_5' title="bbox 232 1961 1295 2032; baseline 0.002 -2"><span class='ocrx_word' id='word_1_23' title='bbox 232 1961 327 2030; x_wconf 88' lang='lat' dir='ltr'>abdit</span> <span class='ocrx_word' id='word_1_24' title='bbox 344 1971 384 2029; x_wconf 93' lang='lat' dir='ltr'>ut</span> <span class='ocrx_word' id='word_1_25' title='bbox 403 1962 456 2030; x_wconf 92' lang='lat' dir='ltr'>sui</span> <span class='ocrx_word' id='word_1_26' title='bbox 483 1962 610 2030; x_wconf 89' lang='lat' dir='ltr'>saeculi</span> <span class='ocrx_word' id='word_1_27' title='bbox 629 1985 749 2030; x_wconf 90' lang='lat' dir='ltr'>vocem</span> <span class='ocrx_word' id='word_1_28' title='bbox 772 1986 839 2030; x_wconf 92' lang='lat' dir='ltr'>non</span> <span class='ocrx_word' id='word_1_29' title='bbox 863 1962 991 2031; x_wconf 92' lang='lat' dir='ltr'>audiat.</span> <span class='ocrx_word' id='word_1_30' title='bbox 1015 1964 1053 2031; x_wconf 91' lang='lat' dir='ltr'>ld</span> <span class='ocrx_word' id='word_1_31' title='bbox 1074 1963 1108 2030; x_wconf 93' lang='lat' dir='ltr'>in</span> <span class='ocrx_word' id='word_1_32' title='bbox 1131 1963 1295 2032; x_wconf 82' lang='lat' dir='ltr'>Cicerone</span> 
     </span>
     <span class='ocr_line' id='line_1_6' title="bbox 232 2077 1295 2165; baseline 0.003 -21"><span class='ocrx_word' id='word_1_33' title='bbox 232 2077 504 2145; x_wconf 90' lang='lat' dir='ltr'>animadvertere</span> <span class='ocrx_word' id='word_1_34' title='bbox 519 2077 608 2145; x_wconf 88' lang='lat' dir='ltr'>licet.</span> <span class='ocrx_word' id='word_1_35' title='bbox 624 2078 702 2165; x_wconf 85' lang='lat' dir='ltr'>Qui,</span> <span class='ocrx_word' id='word_1_36' title='bbox 721 2102 797 2145; x_wconf 94' lang='lat' dir='ltr'>eum</span> <span class='ocrx_word' id='word_1_37' title='bbox 807 2090 962 2146; x_wconf 89' lang='lat' dir='ltr'>veterum</span> <span class='ocrx_word' id='word_1_38' title='bbox 973 2079 1162 2146; x_wconf 78' lang='lat' dir='ltr'>doctrinam</span> <span class='ocrx_word' id='word_1_39' title='bbox 1175 2103 1295 2147; x_wconf 90' lang='lat' dir='ltr'>rursus</span> 
     </span>
     <span class='ocr_line' id='line_1_7' title="bbox 231 2193 1295 2287; baseline 0.001 -26"><span class='ocrx_word' id='word_1_40' title='bbox 231 2193 266 2261; x_wconf 92' lang='lat' dir='ltr'>in</span> <span class='ocrx_word' id='word_1_41' title='bbox 281 2194 442 2261; x_wconf 86' lang='lat' dir='ltr'>honorem</span> <span class='ocrx_word' id='word_1_42' title='bbox 457 2193 626 2261; x_wconf 90' lang='lat' dir='ltr'>adducere</span> <span class='ocrx_word' id='word_1_43' title='bbox 642 2205 792 2285; x_wconf 85' lang='lat' dir='ltr'>cuperet,</span> <span class='ocrx_word' id='word_1_44' title='bbox 810 2195 908 2284; x_wconf 87' lang='lat' dir='ltr'>plura</span> <span class='ocrx_word' id='word_1_45' title='bbox 922 2206 1037 2262; x_wconf 90' lang='lat' dir='ltr'>tamen</span> <span class='ocrx_word' id='word_1_46' title='bbox 1049 2219 1090 2262; x_wconf 87' lang='lat' dir='ltr'>ex</span> <span class='ocrx_word' id='word_1_47' title='bbox 1105 2195 1147 2263; x_wconf 92' lang='lat' dir='ltr'>iis</span> <span class='ocrx_word' id='word_1_48' title='bbox 1158 2219 1246 2287; x_wconf 89' lang='lat' dir='ltr'>quae</span> <span class='ocrx_word' id='word_1_49' title='bbox 1261 2195 1295 2262; x_wconf 93' lang='lat' dir='ltr'>in</span> 
     </span>
     <span class='ocr_line' id='line_1_8' title="bbox 232 2310 1295 2402; baseline 0.002 -26"><span class='ocrx_word' id='word_1_50' title='bbox 232 2310 357 2377; x_wconf 89' lang='lat' dir='ltr'>scholis</span> <span class='ocrx_word' id='word_1_51' title='bbox 377 2310 486 2401; x_wconf 92' lang='lat' dir='ltr'>primo</span> <span class='ocrx_word' id='word_1_52' title='bbox 506 2321 584 2377; x_wconf 90' lang='lat' dir='ltr'>ante</span> <span class='ocrx_word' id='word_1_53' title='bbox 600 2310 776 2379; x_wconf 77' lang='lat' dir='ltr'>Christum</span> <span class='ocrx_word' id='word_1_54' title='bbox 796 2313 933 2378; x_wconf 90' lang='lat' dir='ltr'>saeculo</span> <span class='ocrx_word' id='word_1_55' title='bbox 948 2310 1158 2379; x_wconf 77' lang='lat' dir='ltr'>docebantur</span> <span class='ocrx_word' id='word_1_56' title='bbox 1178 2311 1295 2402; x_wconf 89' lang='lat' dir='ltr'>dispu-</span> 
     </span>
     <span class='ocr_line' id='line_1_9' title="bbox 231 2425 1292 2516; baseline 0.002 -24"><span class='ocrx_word' id='word_1_57' title='bbox 231 2425 435 2494; x_wconf 89' lang='lat' dir='ltr'>tabanturve</span> <span class='ocrx_word' id='word_1_58' title='bbox 447 2450 549 2516; x_wconf 90' lang='lat' dir='ltr'>quam</span> <span class='ocrx_word' id='word_1_59' title='bbox 558 2449 599 2494; x_wconf 85' lang='lat' dir='ltr'>ex</span> <span class='ocrx_word' id='word_1_60' title='bbox 608 2425 705 2493; x_wconf 88' lang='lat' dir='ltr'>libris</span> <span class='ocrx_word' id='word_1_61' title='bbox 716 2425 881 2508; x_wconf 83' lang='lat' dir='ltr'>Platonis,</span> <span class='ocrx_word' id='word_1_62' title='bbox 894 2427 1069 2510; x_wconf 86' lang='lat' dir='ltr'>Isocratis,</span> <span class='ocrx_word' id='word_1_63' title='bbox 1083 2427 1292 2509; x_wconf 80' lang='lat' dir='ltr'>Aristotelis,</span> 
     </span>
     <span class='ocr_line' id='line_1_10' title="bbox 233 2541 1294 2633; baseline 0.002 -25"><span class='ocrx_word' id='word_1_64' title='bbox 233 2541 471 2632; x_wconf 79' lang='lat' dir='ltr'>Theophrasti,</span> <span class='ocrx_word' id='word_1_65' title='bbox 489 2563 575 2633; x_wconf 93' lang='lat' dir='ltr'>quos</span> <span class='ocrx_word' id='word_1_66' title='bbox 596 2565 731 2632; x_wconf 92' lang='lat' dir='ltr'>semper</span> <span class='ocrx_word' id='word_1_67' title='bbox 745 2541 780 2608; x_wconf 91' lang='lat' dir='ltr'>in</span> <span class='ocrx_word' id='word_1_68' title='bbox 797 2565 855 2610; x_wconf 89' lang='lat' dir='ltr'>ore</span> <span class='ocrx_word' id='word_1_69' title='bbox 875 2541 1035 2625; x_wconf 80' lang='lat' dir='ltr'>habebat,</span> <span class='ocrx_word' id='word_1_70' title='bbox 1054 2543 1088 2609; x_wconf 93' lang='lat' dir='ltr'>in</span> <span class='ocrx_word' id='word_1_71' title='bbox 1104 2542 1294 2611; x_wconf 80' lang='lat' dir='ltr'>scribendis</span> 
     </span>
     <span class='ocr_line' id='line_1_11' title="bbox 233 2657 1037 2748; baseline 0.002 -24"><span class='ocrx_word' id='word_1_72' title='bbox 233 2658 303 2725; x_wconf 93' lang='lat' dir='ltr'>suis</span> <span class='ocrx_word' id='word_1_73' title='bbox 320 2658 497 2726; x_wconf 92' lang='lat' dir='ltr'>rhetoricis</span> <span class='ocrx_word' id='word_1_74' title='bbox 513 2658 673 2748; x_wconf 89' lang='lat' dir='ltr'>operibus</span> <span class='ocrx_word' id='word_1_75' title='bbox 687 2657 824 2727; x_wconf 89' lang='lat' dir='ltr'>videtur</span> <span class='ocrx_word' id='word_1_76' title='bbox 838 2657 997 2726; x_wconf 83' lang='lat' dir='ltr'>hausisse</span> <span class='ocrx_word' id='word_1_77' title='bbox 1014 2660 1037 2726; x_wconf 87' lang='lat'>¹.</span> 
     </span>
    </p>
   </div>
   <div class='ocr_carea' id='block_1_4' title="bbox 342 2921 1183 3005">
    <p class='ocr_par' dir='ltr' id='par_1_4' title="bbox 342 2921 1183 3005">
     <span class='ocr_line' id='line_1_12' title="bbox 342 2921 1183 3005; baseline 0.005 -21"><span class='ocrx_word' id='word_1_78' title='bbox 342 2926 355 2999; x_wconf 62' lang='grc' dir='ltr'>ς</span> <span class='ocrx_word' id='word_1_79' title='bbox 383 2921 411 2984; x_wconf 90' lang='grc'>1.</span> <span class='ocrx_word' id='word_1_80' title='bbox 440 2959 484 2967; x_wconf 96' lang='grc'><strong>-</strong></span> <span class='ocrx_word' id='word_1_81' title='bbox 510 2921 623 3000; x_wconf 80' lang='lat' dir='ltr'>Quid</span> <span class='ocrx_word' id='word_1_82' title='bbox 648 2921 948 3005; x_wconf 72' lang='lat' dir='ltr'>Hermaqorae</span> <span class='ocrx_word' id='word_1_83' title='bbox 973 2921 1183 2989; x_wconf 79' lang='lat' dir='ltr'>debuerit.</span> 
     </span>
    </p>
   </div>
   <div class='ocr_carea' id='block_1_5' title="bbox 232 3121 1295 3678">
    <p class='ocr_par' dir='ltr' id='par_1_5' title="bbox 232 3121 1295 3678">
     <span class='ocr_line' id='line_1_13' title="bbox 276 3121 1295 3214; baseline 0.003 -26"><span class='ocrx_word' id='word_1_84' title='bbox 276 3123 484 3213; x_wconf 88' lang='lat' dir='ltr'>Pervulgata</span> <span class='ocrx_word' id='word_1_85' title='bbox 503 3133 576 3190; x_wconf 91' lang='lat' dir='ltr'>erat</span> <span class='ocrx_word' id='word_1_86' title='bbox 592 3121 768 3191; x_wconf 85' lang='lat' dir='ltr'>Ciceronis</span> <span class='ocrx_word' id='word_1_87' title='bbox 788 3132 939 3212; x_wconf 90' lang='lat' dir='ltr'>tempore</span> <span class='ocrx_word' id='word_1_88' title='bbox 962 3127 1195 3214; x_wconf 89' lang='lat' dir='ltr'>Hermagorea</span> <span class='ocrx_word' id='word_1_89' title='bbox 1216 3123 1295 3191; x_wconf 91' lang='lat' dir='ltr'>doc-</span> 
     </span>
     <span class='ocr_line' id='line_1_14' title="bbox 232 3237 1295 3330; baseline 0.003 -26"><span class='ocrx_word' id='word_1_90' title='bbox 232 3237 341 3320; x_wconf 77' lang='lat' dir='ltr'>trina3</span> <span class='ocrx_word' id='word_1_91' title='bbox 365 3261 426 3305; x_wconf 91' lang='lat' dir='ltr'>nec</span> <span class='ocrx_word' id='word_1_92' title='bbox 446 3237 586 3305; x_wconf 93' lang='lat' dir='ltr'>dubium</span> <span class='ocrx_word' id='word_1_93' title='bbox 608 3249 660 3306; x_wconf 92' lang='lat' dir='ltr'>est</span> <span class='ocrx_word' id='word_1_94' title='bbox 680 3238 761 3330; x_wconf 92' lang='lat' dir='ltr'>quin</span> <span class='ocrx_word' id='word_1_95' title='bbox 782 3239 824 3305; x_wconf 91' lang='lat' dir='ltr'>ab</span> <span class='ocrx_word' id='word_1_96' title='bbox 845 3261 885 3305; x_wconf 89' lang='lat' dir='ltr'>ea</span> <span class='ocrx_word' id='word_1_97' title='bbox 904 3238 1085 3329; x_wconf 91' lang='lat' dir='ltr'>plurimum</span> <span class='ocrx_word' id='word_1_98' title='bbox 1110 3240 1295 3330; x_wconf 86' lang='lat' dir='ltr'>sumpserit</span> 
     </span>
     <span class='ocr_line' id='line_1_15' title="bbox 232 3353 1295 3446; baseline 0.003 -25"><span class='ocrx_word' id='word_1_99' title='bbox 232 3378 306 3421; x_wconf 92' lang='lat' dir='ltr'>cum</span> <span class='ocrx_word' id='word_1_100' title='bbox 325 3353 431 3422; x_wconf 93' lang='lat' dir='ltr'>libros</span> <span class='ocrx_word' id='word_1_101' title='bbox 451 3353 492 3421; x_wconf 93' lang='lat' dir='ltr'>de</span> <span class='ocrx_word' id='word_1_102' title='bbox 514 3355 712 3422; x_wconf 83' lang='lat' dir='ltr'>inventione</span> <span class='ocrx_word' id='word_1_103' title='bbox 733 3354 948 3445; x_wconf 90' lang='lat' dir='ltr'>conscripsit.</span> <span class='ocrx_word' id='word_1_104' title='bbox 966 3359 1042 3423; x_wconf 91' lang='lat' dir='ltr'>Non</span> <span class='ocrx_word' id='word_1_105' title='bbox 1062 3379 1128 3446; x_wconf 90' lang='lat' dir='ltr'>quo</span> <span class='ocrx_word' id='word_1_106' title='bbox 1152 3361 1295 3425; x_wconf 89' lang='lat' dir='ltr'>Herma-</span> 
     </span>
     <span class='ocr_line' id='line_1_16' title="bbox 233 3470 1295 3561; baseline 0.003 -25"><span class='ocrx_word' id='word_1_107' title='bbox 233 3493 350 3561; x_wconf 93' lang='lat' dir='ltr'>goram</span> <span class='ocrx_word' id='word_1_108' title='bbox 365 3471 400 3537; x_wconf 91' lang='lat' dir='ltr'>in</span> <span class='ocrx_word' id='word_1_109' title='bbox 415 3470 572 3538; x_wconf 93' lang='lat' dir='ltr'>omnibus</span> <span class='ocrx_word' id='word_1_110' title='bbox 593 3481 731 3538; x_wconf 90' lang='lat' dir='ltr'>secutus</span> <span class='ocrx_word' id='word_1_111' title='bbox 752 3470 808 3538; x_wconf 91' lang='lat' dir='ltr'>sit.</span> <span class='ocrx_word' id='word_1_112' title='bbox 827 3472 914 3537; x_wconf 89' lang='lat' dir='ltr'>Eum</span> <span class='ocrx_word' id='word_1_113' title='bbox 937 3471 1026 3538; x_wconf 91' lang='lat' dir='ltr'>enim</span> <span class='ocrx_word' id='word_1_114' title='bbox 1046 3472 1171 3539; x_wconf 87' lang='lat' dir='ltr'>acriter</span> <span class='ocrx_word' id='word_1_115' title='bbox 1189 3472 1295 3539; x_wconf 91' lang='lat' dir='ltr'>inter·</span> 
     </span>
     <span class='ocr_line' id='line_1_17' title="bbox 232 3585 1295 3678; baseline 0.003 -26"><span class='ocrx_word' id='word_1_116' title='bbox 232 3585 310 3653; x_wconf 92' lang='lat' dir='ltr'>dnm</span> <span class='ocrx_word' id='word_1_117' title='bbox 334 3586 549 3677; x_wconf 87' lang='lat' dir='ltr'>impugnavit</span> <span class='ocrx_word' id='word_1_118' title='bbox 569 3589 602 3670; x_wconf 71' lang='lat'>2;</span> <span class='ocrx_word' id='word_1_119' title='bbox 629 3587 689 3653; x_wconf 92' lang='lat' dir='ltr'>sed</span> <span class='ocrx_word' id='word_1_120' title='bbox 715 3587 755 3654; x_wconf 92' lang='lat' dir='ltr'>de</span> <span class='ocrx_word' id='word_1_121' title='bbox 780 3587 953 3678; x_wconf 92' lang='lat' dir='ltr'>plerisque</span> <span class='ocrx_word' id='word_1_122' title='bbox 980 3587 1091 3655; x_wconf 90' lang='lat' dir='ltr'>dicere</span> <span class='ocrx_word' id='word_1_123' title='bbox 1118 3587 1197 3656; x_wconf 88' lang='lat' dir='ltr'>licet</span> <span class='ocrx_word' id='word_1_124' title='bbox 1219 3612 1295 3656; x_wconf 96' lang='lat' dir='ltr'>cum</span> 
     </span>
    </p>
   </div>
   <div class='ocr_carea' id='block_1_6' title="bbox 230 3819 1296 4445">
    <p class='ocr_par' dir='ltr' id='par_1_6' title="bbox 230 3819 1296 4371">
     <span class='ocr_line' id='line_1_18' title="bbox 267 3819 1295 3891; baseline 0.003 -21"><span class='ocrx_word' id='word_1_125' title='bbox 267 3821 291 3871; x_wconf 86' lang='lat'>1.</span> <span class='ocrx_word' id='word_1_126' title='bbox 306 3820 338 3871; x_wconf 84' lang='lat' dir='ltr'>Id</span> <span class='ocrx_word' id='word_1_127' title='bbox 355 3838 410 3873; x_wconf 91' lang='lat' dir='ltr'>non</span> <span class='ocrx_word' id='word_1_128' title='bbox 425 3821 538 3889; x_wconf 86' lang='lat' dir='ltr'>agnovit</span> <span class='ocrx_word' id='word_1_129' title='bbox 553 3839 604 3872; x_wconf 85' lang='lat' dir='ltr'>van</span> <span class='ocrx_word' id='word_1_130' title='bbox 617 3821 756 3891; x_wconf 86' lang='lat' dir='ltr'>Veyssem</span> <span class='ocrx_word' id='word_1_131' title='bbox 772 3823 824 3888; x_wconf 89' lang='lat' dir='ltr'>(De</span> <span class='ocrx_word' id='word_1_132' title='bbox 844 3823 881 3872; x_wconf 85' lang='grc' dir='ltr'>Μ.</span> <span class='ocrx_word' id='word_1_133' title='bbox 902 3820 989 3873; x_wconf 83' lang='lat' dir='ltr'>Tullii</span> <span class='ocrx_word' id='word_1_134' title='bbox 1007 3819 1148 3873; x_wconf 79' lang='lat' dir='ltr'>Ciceronis</span> <span class='ocrx_word' id='word_1_135' title='bbox 1169 3819 1204 3874; x_wconf 88' lang='lat' dir='ltr'>de</span> <span class='ocrx_word' id='word_1_136' title='bbox 1222 3822 1295 3874; x_wconf 86' lang='lat' dir='ltr'>Ora-</span> 
     </span>
     <span class='ocr_line' id='line_1_19' title="bbox 232 3899 1295 3970; baseline 0.003 -19"><span class='ocrx_word' id='word_1_137' title='bbox 232 3907 291 3952; x_wconf 84' lang='lat' dir='ltr'>tore</span> <span class='ocrx_word' id='word_1_138' title='bbox 306 3899 396 3959; x_wconf 78' lang='lat' dir='ltr'>libris,</span> <span class='ocrx_word' id='word_1_139' title='bbox 414 3919 441 3970; x_wconf 88' lang='lat' dir='ltr'>p.</span> <span class='ocrx_word' id='word_1_140' title='bbox 459 3901 574 3968; x_wconf 81' lang='grc'><strong>67-112)</strong></span> <span class='ocrx_word' id='word_1_141' title='bbox 595 3901 643 3952; x_wconf 89' lang='lat' dir='ltr'>sed</span> <span class='ocrx_word' id='word_1_142' title='bbox 661 3902 723 3953; x_wconf 89' lang='lat' dir='ltr'>eius</span> <span class='ocrx_word' id='word_1_143' title='bbox 739 3911 895 3953; x_wconf 88' lang='lat' dir='ltr'>commenta</span> <span class='ocrx_word' id='word_1_144' title='bbox 912 3901 1081 3954; x_wconf 85' lang='lat' dir='ltr'>refutatione</span> <span class='ocrx_word' id='word_1_145' title='bbox 1097 3919 1152 3953; x_wconf 90' lang='lat' dir='ltr'>non</span> <span class='ocrx_word' id='word_1_146' title='bbox 1167 3902 1295 3970; x_wconf 87' lang='lat' dir='ltr'>indigere</span> 
     </span>
     <span class='ocr_line' id='line_1_20' title="bbox 231 3979 1296 4051; baseline 0.003 -20"><span class='ocrx_word' id='word_1_147' title='bbox 231 3997 263 4030; x_wconf 87' lang='lat' dir='ltr'>ex</span> <span class='ocrx_word' id='word_1_148' title='bbox 279 3979 329 4032; x_wconf 91' lang='lat' dir='ltr'>hac</span> <span class='ocrx_word' id='word_1_149' title='bbox 346 3981 515 4032; x_wconf 85' lang='lat' dir='ltr'>sententiola</span> <span class='ocrx_word' id='word_1_150' title='bbox 528 3981 616 4032; x_wconf 88' lang='lat' dir='ltr'>cuivis</span> <span class='ocrx_word' id='word_1_151' title='bbox 632 3981 702 4032; x_wconf 88' lang='lat' dir='ltr'>satis</span> <span class='ocrx_word' id='word_1_152' title='bbox 717 3980 826 4051; x_wconf 87' lang='lat' dir='ltr'>patebit</span> <span class='ocrx_word' id='word_1_153' title='bbox 843 4001 848 4031; x_wconf 91' lang='lat'>:</span> <span class='ocrx_word' id='word_1_154' title='bbox 868 4001 879 4030; x_wconf 81' lang='lat' dir='ltr'>a</span> <span class='ocrx_word' id='word_1_155' title='bbox 897 3981 1011 4033; x_wconf 86' lang='lat' dir='ltr'>Omissa</span> <span class='ocrx_word' id='word_1_156' title='bbox 1027 3981 1116 4050; x_wconf 84' lang='lat' dir='ltr'>igitur</span> <span class='ocrx_word' id='word_1_157' title='bbox 1131 3982 1296 4051; x_wconf 86' lang='lat' dir='ltr'>quaestione</span> 
     </span>
     <span class='ocr_line' id='line_1_21' title="bbox 233 4060 1296 4132; baseline 0.007 -25"><span class='ocrx_word' id='word_1_158' title='bbox 233 4080 244 4107; x_wconf 78' lang='lat' dir='ltr'>a</span> <span class='ocrx_word' id='word_1_159' title='bbox 261 4078 332 4130; x_wconf 84' lang='lat' dir='ltr'>quae</span> <span class='ocrx_word' id='word_1_160' title='bbox 345 4061 418 4113; x_wconf 84' lang='lat' dir='ltr'>forte</span> <span class='ocrx_word' id='word_1_161' title='bbox 433 4061 462 4111; x_wconf 90' lang='lat' dir='ltr'>in</span> <span class='ocrx_word' id='word_1_162' title='bbox 476 4060 560 4112; x_wconf 87' lang='lat' dir='ltr'>libris</span> <span class='ocrx_word' id='word_1_163' title='bbox 576 4062 611 4113; x_wconf 91' lang='lat' dir='ltr'>de</span> <span class='ocrx_word' id='word_1_164' title='bbox 623 4061 745 4114; x_wconf 85' lang='lat' dir='ltr'>Oratore</span> <span class='ocrx_word' id='word_1_165' title='bbox 756 4070 803 4112; x_wconf 87' lang='lat' dir='ltr'>aut</span> <span class='ocrx_word' id='word_1_166' title='bbox 817 4061 1006 4130; x_wconf 87' lang='lat' dir='ltr'>Hermogeni(</span> <span class='ocrx_word' id='word_1_167' title='bbox 1012 4060 1031 4128; x_wconf 87' lang='lat'>!)</span> <span class='ocrx_word' id='word_1_168' title='bbox 1043 4071 1090 4113; x_wconf 89' lang='lat' dir='ltr'>aut</span> <span class='ocrx_word' id='word_1_169' title='bbox 1102 4062 1296 4132; x_wconf 85' lang='lat' dir='ltr'>Hermagorae</span> 
     </span>
     <span class='ocr_line' id='line_1_22' title="bbox 233 4140 1293 4212; baseline 0.006 -24"><span class='ocrx_word' id='word_1_170' title='bbox 233 4159 245 4188; x_wconf 78' lang='lat' dir='ltr'>a</span> <span class='ocrx_word' id='word_1_171' title='bbox 261 4150 309 4192; x_wconf 89' lang='lat' dir='ltr'>aut</span> <span class='ocrx_word' id='word_1_172' title='bbox 322 4141 462 4193; x_wconf 88' lang='lat' dir='ltr'>Paeoenio</span> <span class='ocrx_word' id='word_1_173' title='bbox 477 4140 542 4208; x_wconf 86' lang='lat' dir='ltr'>(sic)</span> <span class='ocrx_word' id='word_1_174' title='bbox 557 4141 722 4202; x_wconf 85' lang='lat' dir='ltr'>debeantur,</span> <span class='ocrx_word' id='word_1_175' title='bbox 736 4159 857 4212; x_wconf 93' lang='lat' dir='ltr'>quorum</span> <span class='ocrx_word' id='word_1_176' title='bbox 866 4159 964 4212; x_wconf 85' lang='lat' dir='ltr'>opera,</span> <span class='ocrx_word' id='word_1_177' title='bbox 981 4151 1120 4194; x_wconf 85' lang='lat' dir='ltr'>vetustate</span> <span class='ocrx_word' id='word_1_178' title='bbox 1135 4142 1293 4212; x_wconf 84' lang='lat' dir='ltr'>deperdita,</span> 
     </span>
     <span class='ocr_line' id='line_1_23' title="bbox 232 4221 1292 4293; baseline 0.003 -23"><span class='ocrx_word' id='word_1_179' title='bbox 232 4221 454 4273; x_wconf 76' lang='lat' dir='ltr'>«tantummodo</span> <span class='ocrx_word' id='word_1_180' title='bbox 476 4239 508 4273; x_wconf 87' lang='lat' dir='ltr'>ex</span> <span class='ocrx_word' id='word_1_181' title='bbox 533 4222 625 4291; x_wconf 93' lang='lat' dir='ltr'>ipsius</span> <span class='ocrx_word' id='word_1_182' title='bbox 648 4221 795 4274; x_wconf 89' lang='lat' dir='ltr'>Ciceronis</span> <span class='ocrx_word' id='word_1_183' title='bbox 818 4221 902 4274; x_wconf 91' lang='lat' dir='ltr'>libris</span> <span class='ocrx_word' id='word_1_184' title='bbox 922 4223 1036 4274; x_wconf 85' lang='lat' dir='ltr'>restitui</span> <span class='ocrx_word' id='word_1_185' title='bbox 1058 4232 1180 4293; x_wconf 85' lang='lat' dir='ltr'>possunt</span> <span class='ocrx_word' id='word_1_186' title='bbox 1190 4221 1257 4290; x_wconf 78' lang='grc'><strong>(1)...</strong></span> <span class='ocrx_word' id='word_1_187' title='bbox 1281 4244 1292 4273; x_wconf 81' lang='lat' dir='ltr'>n</span> 
     </span>
     <span class='ocr_line' id='line_1_24' title="bbox 230 4299 1074 4371; baseline 0.004 -21"><span class='ocrx_word' id='word_1_188' title='bbox 230 4299 326 4367; x_wconf 73' lang='lat' dir='ltr'>(leid,</span> <span class='ocrx_word' id='word_1_189' title='bbox 344 4320 373 4371; x_wconf 89' lang='lat' dir='ltr'>p.</span> <span class='ocrx_word' id='word_1_190' title='bbox 389 4303 443 4368; x_wconf 86' lang='lat'><strong>71).</strong></span> <span class='ocrx_word' id='word_1_191' title='bbox 1071 4330 1074 4338; x_wconf 37' lang='grc' dir='ltr'><em>ι</em></span> 
     </span>
    </p>

    <p class='ocr_par' dir='ltr' id='par_1_7' title="bbox 266 4381 1065 4445">
     <span class='ocr_line' id='line_1_25' title="bbox 266 4381 1065 4445; baseline 0 -11"><span class='ocrx_word' id='word_1_192' title='bbox 266 4381 291 4434; x_wconf 80' lang='lat'>2.</span> <span class='ocrx_word' id='word_1_193' title='bbox 308 4381 377 4444; x_wconf 65' lang='lat' dir='ltr'>lnv„</span> <span class='ocrx_word' id='word_1_194' title='bbox 395 4383 419 4444; x_wconf 85' lang='lat'>1,</span> <span class='ocrx_word' id='word_1_195' title='bbox 435 4383 460 4444; x_wconf 87' lang='grc'>6,</span> <span class='ocrx_word' id='word_1_196' title='bbox 477 4383 510 4441; x_wconf 87' lang='lat'>8;</span> <span class='ocrx_word' id='word_1_197' title='bbox 529 4383 553 4444; x_wconf 85' lang='lat'>1,</span> <span class='ocrx_word' id='word_1_198' title='bbox 570 4382 596 4445; x_wconf 84' lang='grc'>9,</span> <span class='ocrx_word' id='word_1_199' title='bbox 612 4383 701 4445; x_wconf 79' lang='lat'><strong>12-10,</strong></span> <span class='ocrx_word' id='word_1_200' title='bbox 719 4383 769 4443; x_wconf 85' lang='lat'>13;</span> <span class='ocrx_word' id='word_1_201' title='bbox 786 4382 879 4438; x_wconf 86' lang='lat' dir='ltr'>lenius</span> <span class='ocrx_word' id='word_1_202' title='bbox 895 4402 901 4434; x_wconf 74' lang='grc' dir='ltr'>ε</span> <span class='ocrx_word' id='word_1_203' title='bbox 918 4385 943 4444; x_wconf 93' lang='grc'>1,</span> <span class='ocrx_word' id='word_1_204' title='bbox 961 4383 1003 4445; x_wconf 89' lang='grc'>51,</span> <span class='ocrx_word' id='word_1_205' title='bbox 1021 4382 1065 4434; x_wconf 78' lang='grc'>97.</span> 
     </span>
    </p>
   </div>
   <div class='ocr_carea' id='block_1_7' title="bbox 0 0 1552 5040">
    <p class='ocr_par' dir='ltr' id='par_1_8' title="bbox 0 0 1552 5040">
     <span class='ocr_line' id='line_1_26' title="bbox 0 0 1552 5040; baseline 0 0"><span class='ocrx_word' id='word_1_206' title='bbox 0 0 1552 5040; x_wconf 95' lang='lat' dir='ltr'> </span> 
     </span>
    </p>
   </div>
  </div>
 </body>
</html>
