3086 5040
484 515 500 588 ἓ
520 518 546 573 1.
568 547 600 556 -
620 518 805 574 ineuntium
824 517 993 574 cantatura
1256 499 1275 575 {i

242 663 323 726 Rem
353 666 482 729 m'debat
515 675 618 741 acute,
655 668 870 749 componebat
898 667 1081 750 diligenter,
1113 669 1272 728 memoria

200 753 340 817 valebat.
345 754 540 852 7Expedita
551 764 658 818 autem
670 766 739 818 erat
754 767 785 818 et
800 755 950 839 perfacile
962 777 1094 818 currens
1109 759 1270 832 oratio;...
1342 769 1352 790 ·

202 845 288 903 actio
309 843 441 926 paulum
463 863 535 905 cum
550 844 627 906 vitio
641 845 740 919 vocis,
759 855 826 907 tum
847 845 942 908 etiam
962 845 1092 928 ineptiis
1113 845 1273 908 claudica-

202 931 267 992 bat.
285 931 389 1006 Brut.,
407 937 456 1005 63,
475 937 544 995 227.

243 1021 359 1082 Ornari
384 1022 562 1084 orationem
585 1023 701 1085 Graeci
723 1031 848 1106 putant,
875 1023 902 1084 si
926 1023 1098 1086 uerborum
1123 1025 1272 1085 immuta-

201 1111 344 1172 tionibus
368 1119 509 1186 utantur,
536 1132 616 1194 quos
640 1113 805 1194 appellant
828 1110 956 1187 τρόπους,
981 1120 1013 1173 et
1036 1115 1271 1174 sententiarum

202 1201 426 1281 orationisque
438 1202 568 1281 formis,
593 1221 674 1283 quae
694 1210 809 1262 vocant
828 1201 958 1275 σχήματα
981 1222 987 1262 :
1009 1221 1072 1262 non
1087 1201 1153 1263 veri
1169 1201 1273 1264 simile

202 1295 252 1349 est
266 1309 361 1371 quam
382 1290 424 1351 sit
444 1289 476 1350 in
491 1299 626 1372 utroquo
642 1309 761 1373 genere
777 1300 809 1351 et
823 1291 934 1351 creber
949 1299 981 1351 et
995 1288 1163 1352 distinctus
1179 1289 1270 1352 Cato.

202 1376 305 1451 Brut,
325 1383 372 1451 17,
390 1383 440 1439 69.

243 1465 360 1527 Omnia
376 1467 546 1530 ueniebant
561 1466 700 1528 Antonio
717 1469 750 1531 in
766 1479 928 1543 mentem;
943 1487 1044 1549 eaque
1062 1488 1120 1527 suo
1137 1488 1272 1550 quaeque

204 1555 311 1614 loco...
330 1554 407 1616 Erat
423 1557 583 1616 memoria
598 1575 760 1617 summa...
775 1555 810 1616 ln
822 1556 926 1617 verbis
939 1565 971 1616 et
986 1555 1154 1639 eligendis,
1169 1576 1272 1638 neque

203 1643 234 1704 id
250 1643 356 1726 ipsum
373 1652 439 1705 tam
459 1643 696 1727 leporiscausa
717 1665 812 1727 quam
828 1644 991 1726 ponderis,
1009 1653 1041 1705 et
1055 1644 1270 1718 conlocandis

203 1743 235 1794 et
262 1733 507 1814 comprensione
536 1732 765 1807 devinciendis
797 1733 876 1795 nihil
903 1753 966 1794 non
992 1733 1032 1795 ad
1059 1733 1213 1795 rationem
1241 1743 1274 1795 et

202 1831 365 1904 tamquam
381 1817 421 1883 ad
437 1832 538 1883 artem
554 1822 732 1906 dirigebat;
749 1843 860 1884 verum
876 1823 976 1884 multo
991 1823 1097 1906 magis
1112 1823 1172 1884 hoc
1187 1823 1272 1884 idem

203 1911 235 1971 in
250 1913 486 1972 sententiarum
503 1913 706 1973 ornamentis
722 1923 752 1973 et
767 1912 1118 1993 conformationibus...
1137 1912 1273 1986 Σχήματα

203 1999 287 2061 enim
303 2010 510 2083 quaevocant
521 2000 649 2072 Graeci,
664 2021 701 2062 ea
717 2001 854 2062 maxime
866 2012 987 2062 ornant
997 2012 1193 2063 oratorem...
1209 2001 1272 2062 Sed

204 2109 275 2149 cum
291 2089 369 2150 haec
385 2109 504 2172 magna
524 2089 556 2149 in
576 2088 728 2164 Antonio,
751 2099 818 2151 tum
839 2091 924 2150 actio
942 2090 1127 2172 singularis
1148 2090 1272 2173 quaesi

201 2178 379 2259 partienda
395 2188 445 2240 est
459 2177 633 2260 ingestum
654 2188 748 2262 atque
770 2200 928 2242 nocent...
948 2178 1051 2259 Brut,
1073 2184 1122 2253 37,
1146 2183 1270 2253 139-38,

207 2271 273 2328 111.

249 2403 342 2468 Haeo
359 2399 496 2491 quidem
511 2401 546 2467 in
568 2405 687 2482 Brut0,
706 2425 772 2492 quo
792 2401 827 2467 in
846 2401 934 2469 libro
954 2411 1107 2468 nontam
1123 2401 1198 2491 ipsa
1214 2424 1271 2467 ars

205 2517 337 2584 dicendi
359 2517 549 2608 explicatur
572 2542 675 2608 quam
700 2521 873 2586 Romanae
894 2518 1106 2608 eloquentiae
1129 2518 1272 2585 historia

205 2643 374 2700 narratur.
394 2636 433 2700 ln
453 2633 700 2701 Partitionibus
720 2656 802 2700 vero
820 2633 978 2701 oratoriis
1000 2633 1081 2701 nihil
1102 2634 1171 2701 lere
1191 2657 1272 2701 con·
1332 2645 1333 2648 ’

204 2747 330 2816 tinetur
359 2747 426 2815 nisi
460 2749 633 2816 rhetorum
661 2758 856 2839 praecepta.
889 2751 927 2815 ln
957 2749 1115 2830 Oratore,
1151 2748 1272 2818 Cicero

205 2863 433 2964 minuthsjna
457 2864 683 2954 quaequestde
702 2838 901 2949 'eldeuhione
931 2887 971 2931 ao
998 2865 1202 2954 praesertim
1230 2864 1271 2931 de

204 3002 344 3046 numero
364 2970 512 3047 oratorio
534 2979 763 3070 persequitur,
786 2989 918 3047 ceteras
941 2979 1130 3047 rhetoricae
1154 2990 1271 3070 partes

203 3094 354 3162 breviter
376 3094 515 3186 attingit
536 3097 558 3161 ¹.
582 3094 710 3185 Topica
728 3094 888 3184 denique,
907 3118 994 3185 quae
1014 3095 1132 3163 ultimo
1148 3094 1272 3162 aetatis

206 3232 292 3278 anno
321 3211 536 3301 conscripsit,
566 3210 690 3278 clarius
718 3210 841 3277 ceteris
867 3209 940 3276 eius
965 3209 1062 3277 libris
1087 3209 1273 3277 ostendunt

205 3349 306 3416 quam
323 3350 404 3393 suas
420 3326 539 3394 fecerit
553 3326 703 3393 locorum
719 3325 922 3416 partitiones
941 3350 947 3391 :
966 3349 1172 3416 quamquam
1183 3325 1272 3392 enim

241 3497 265 3546 1.
283 3497 423 3560 Quoniam
437 3495 493 3547 tria
508 3496 628 3547 videnda
643 3496 841 3565 suntmratori,
855 3495 927 3572 -quid
943 3495 1027 3557 dicat,
1041 3505 1069 3547 et
1079 3513 1135 3566 quo
1146 3495 1272 3565 quidque

206 3575 277 3636 loco,
295 3585 323 3628 et
338 3594 394 3646 quo
410 3576 504 3636 modo,
523 3576 674 3632 dicendum
690 3556 804 3639 orhpino
820 3585 864 3627 est
875 3568 943 3646 quid
959 3577 996 3626 sit
1013 3576 1151 3645 optimum
1168 3576 1196 3626 in
1212 3576 1272 3626 siu-

206 3655 290 3724 gulis.
306 3656 355 3707 Or.
370 3656 413 3716 1-1,
431 3657 474 3706 43.
490 3648 630 3707 lam²vero
647 3673 762 3726 eaquae
779 3655 922 3714 invenerit,
942 3674 996 3725 qua
1012 3655 1161 3724 diligentia
1176 3655 1272 3708 conlo-

206 3735 335 3787 cabitt...
359 3735 452 3806 Atque
476 3735 505 3786 in
527 3735 629 3805 primis
655 3735 766 3786 duabus
790 3735 903 3787 dicendi
928 3735 1058 3805 partibus
1081 3735 1174 3804 qualis
1195 3745 1272 3787 esset

205 3816 365 3866 'summatim
385 3809 566 3885 breviterque
585 3815 829 3884 descripsimus...
852 3815 903 3866 Or.
921 3816 964 3875 15,
981 3816 1024 3866 50.
1047 3815 1117 3866 Cum
1137 3824 1229 3866 autem
1245 3825 1272 3867 et

206 3893 275 3965 quid
292 3904 319 3946 et
338 3913 394 3965 quo
410 3895 470 3947 loco
486 3895 562 3946 dicat
577 3894 722 3955 inuenerit,
740 3894 810 3945 illud
828 3904 872 3946 est
887 3895 970 3962 longe
986 3895 1136 3945 maximum
1154 3914 1159 3945 1
1176 3894 1272 3946 ridere

206 3990 325 4043 quonam
345 3975 439 4026 modo.
458 3975 509 4026 Or.
527 3975 570 4034 16,
587 3975 630 4026 51.
654 3975 689 4025 Et
706 3975 838 4044 quoniam
858 3975 939 4044 coepi
960 3975 1014 4024 iam
1031 3974 1200 4024 cumulatius
1218 3973 1272 4025 hoc

207 4071 306 4105 munus
326 4072 440 4122 augere,
461 4073 544 4124 quam
565 4062 624 4106 ate
642 4054 818 4124 postulatum
835 4063 879 4104 est
895 4084 930 4090 —
950 4052 1002 4105 tibi
1021 4053 1094 4105 enim
1113 4062 1219 4105 tantum
1237 4054 1271 4105 de

206 4133 344 4185 orationis
359 4152 462 4203 genere
478 4134 624 4204 quaerenti
644 4133 781 4203 respondi
801 4134 886 4185 etiam
906 4132 1032 4185 breviter
1050 4133 1085 4184 de
1107 4131 1271 4185 inveniendo

207 4219 234 4263 et
247 4212 419 4265 conlocando
434 4244 469 4250 —
483 4232 517 4265 ue
534 4231 605 4264 nunc
626 4214 740 4283 quidem
762 4212 854 4264 solum
873 4213 908 4264 de
926 4213 1064 4265 orationis
1081 4213 1165 4264 modo
1181 4212 1271 4263 dicam

207 4291 256 4343 sed
278 4292 361 4344 etiam
381 4293 416 4345 de
434 4292 555 4345 aetionis
575 4312 582 4344 :
602 4293 640 4345 ita
658 4293 861 4362 praetermissa
878 4310 950 4366 pars
974 4292 1053 4344 neella
1074 4293 1137 4349 erit,
1160 4292 1272 4362 quando

206 4370 319 4441 quidem
334 4371 369 4424 de
386 4371 520 4424 memoria
536 4372 607 4423 nihil
623 4383 666 4424 est
683 4371 814 4424 hocloco
831 4372 990 4424 dicendum.
1008 4373 1059 4424 Or.
1077 4373 1119 4430 17,
1137 4371 1180 4422 51.
