3086 5040
441 503 502 577 §la
524 537 557 545 -
577 522 646 572 Qum
665 521 835 562 1000000001
855 523 1002 563 cucusam
1219 507 1253 563 37

185 678 300 737 verus,
322 654 353 722 is
372 656 556 746 perlectus
580 655 610 750 is
632 656 726 724 solus
742 665 857 723 orator
878 656 887 701 ¹
910 682 940 722 r.
966 654 1052 742 Quis
1072 655 1127 722 ille
1152 655 1254 723 luerit

187 795 284 839 nemo
300 782 354 840 est
372 772 430 863 qui
445 796 512 840 non
527 772 719 863 intellegat.

232 891 270 954 ln
289 887 387 955 libris
407 888 449 955 de
469 889 616 956 Oratore
635 890 648 934 ²
667 887 916 956 communiores
937 911 1071 978 quoque
1087 888 1161 954 vult
1175 911 1252 955 esse

185 1005 324 1095 regulas
345 1026 431 1095 quae
452 1003 495 1070 ad
514 1014 632 1094 partes
653 1003 844 1071 orationum
864 1003 1034 1094 pertinent
1048 1026 1150 1094 quam
1166 1026 1252 1094 quae

185 1144 205 1186 a
230 1119 456 1210 scriptoribus
480 1119 564 1186 artis
589 1118 839 1187 tradebantur:
865 1143 974 1211 neque
999 1118 1145 1186 enimin
1170 1119 1252 1186 solis

184 1235 361 1326 principiis
386 1235 572 1302 curandum
597 1260 674 1303 esso
702 1246 739 1302 ut
762 1235 864 1302 iudex
888 1245 1040 1301 attentus
1065 1233 1251 1325 docilisque

187 1351 247 1418 hat
265 1354 290 1434 ³,
313 1375 421 1442 neque
444 1352 535 1417 solas
562 1351 776 1418 narrationes
802 1351 925 1418 breves
949 1360 1154 1441 apertasque
1175 1372 1253 1416 esse

184 1466 310 1534 debere
325 1468 349 1533 ⁴.
368 1467 462 1533 Idem
478 1478 635 1534 senserat
650 1467 855 1534 Aristoteles
870 1468 894 1532 ⁵.

230 1582 387 1650 Facetias
417 1607 492 1650 cum
519 1581 702 1672 plurimum
729 1583 764 1649 in
797 1583 949 1651 oratione
982 1582 1097 1648 valere
1130 1581 1251 1649 Cicero

185 1698 497 1780 animadvertisset,
519 1721 578 1765 eas
598 1698 646 1765 ita
666 1699 829 1766 tractavit
847 1708 886 1765 ut
905 1697 1003 1790 quasi
1018 1707 1150 1788 partem
1166 1697 1251 1764 artis

185 1814 374 1882 rhetoricae
397 1815 431 1881 in
454 1815 503 1882 eis
525 1815 750 1882 constitueret
770 1819 794 1881 ⁶.
819 1816 916 1900 Quae
939 1837 1021 1880 vero
1045 1813 1086 1880 de
1108 1812 1251 1880 iocando

183 1929 301 2012 tradit,
324 1953 530 2020 quamquam
551 1954 618 1997 non
638 1930 751 1999 omnia
772 1930 813 1997 ad
834 1930 1053 1998 Aristotelem
1073 1927 1251 1995 reserenda

185 2056 277 2128 sunt,
300 2057 414 2114 tamen
430 2046 687 2136 peripateticam
704 2046 892 2114 doctrinam
908 2045 1092 2126 continent,
1110 2044 1251 2111 divisio-

184 2185 328 2253 nemque
354 2161 497 2252 abipso
522 2162 706 2229 Aristotele
730 2173 955 2253 usurpatam:
985 2189 1001 2224 a
1028 2165 1103 2228 Duo
1128 2170 1247 2227 sunt...

186 2304 201 2339 «
223 2301 352 2368 genera
368 2278 579 2359 facetiarum,
598 2301 741 2369 quorum
758 2279 901 2345 alterum
917 2302 952 2345 re
968 2288 1147 2358 tractatur,
1165 2278 1250 2345 alte-

186 2415 201 2450 «
223 2413 299 2455 rum
314 2389 404 2458 dicto
419 2393 431 2436 7
448 2419 477 2459 u.

229 2507 266 2572 ln
287 2506 475 2576 elocutione
496 2508 641 2601 denique
663 2509 885 2578 Aristotelem
906 2519 1044 2578 secutus
1065 2520 1129 2577 est.
1152 2510 1250 2577 Aris-

183 2622 308 2689 totelea
338 2623 427 2690 enim
454 2635 508 2692 est
540 2650 581 2693 ea
613 2627 783 2695 sententia
818 2650 905 2719 quae
939 2627 1082 2695 Isocrati
1115 2650 1249 2718 quoque

183 2738 371 2827 placuerat,
399 2742 588 2810 orationem
617 2742 767 2809 numeris
797 2742 974 2810 astrictam
1004 2766 1080 2809 esse
1109 2742 1246 2824 debere,

183 2877 298 2922 carere
313 2855 472 2925 versibus
486 2859 509 2925 ⁸.
529 2860 616 2928 Cum
631 2882 713 2926 vero
726 2858 767 2925 de
779 2859 929 2928 numeris
940 2858 1105 2927 orationis
1117 2859 1248 2925 solutae

217 3099 242 3148 1.
267 3097 309 3150 De
325 3099 387 3160 Or.,
406 3101 432 3161 3,
450 3101 492 3161 21,
511 3102 554 3151 80.

217 3178 242 3228 2.
264 3179 328 3230 Non
342 3179 408 3231 item
425 3180 453 3231 in
468 3181 572 3232 ceteris
586 3181 713 3251 scriptis.
731 3180 775 3232 Cf.
790 3179 871 3241 infra,
889 3199 916 3250 p.
934 3181 1029 3233 97-99.

217 3259 242 3308 3.
264 3257 305 3310 De
322 3259 385 3320 Or.,
403 3261 428 3320 2,
445 3261 486 3321 79,
504 3261 565 3312 323.

217 3338 240 3388 4Ι
264 3337 306 3391 De
322 3339 384 3398 Or..
402 3341 427 3400 2,
445 3342 488 3400 80,
504 3341 564 3401 326,
582 3341 643 3396 329.

217 3418 242 3469 5.
263 3417 353 3470 Arist.
371 3419 454 3476 Rhet.
471 3421 496 3480 3,
515 3421 558 3480 14,
575 3421 610 3478 9;
626 3423 652 3480 3,
670 3422 712 3482 16,
728 3422 754 3472 4.

203 3499 240 3548 Υ6.
264 3498 305 3550 Ι)0
322 3498 384 3560 00,
402 3500 427 3560 2,
445 3501 488 3561 54,
507 3501 614 3562 216-71,
632 3501 701 3559 290;
719 3501 781 3561 Or„
800 3502 842 3562 26,
860 3501 952 3552 87-96,

217 3579 239 3628 7.
264 3578 305 3631 De
321 3579 383 3639 Or..
402 3581 426 3640 2,
444 3581 487 3640 59,
505 3581 566 3635 239.
583 3580 757 3634 Aristoteles
773 3583 801 3632 in
816 3581 959 3634 rhetorica
975 3582 1009 3652 (3,
1027 3583 1069 3642 18,
1088 3581 1112 3645 71
1132 3582 1247 3652 paucis-

181 3657 252 3709 sima
267 3658 301 3710 de
317 3659 389 3711 iocis
405 3659 515 3720 scribit,
534 3660 583 3713 sed
599 3661 661 3713 eius
676 3655 805 3714 doctrina
820 3660 970 3713 exhibetur
985 3662 1013 3712 in
1031 3661 1150 3713 scholiis
1169 3671 1247 3714 vete-

180 3736 261 3789 ribus
272 3757 343 3808 quae
357 3740 479 3809 primum
493 3741 583 3792 edidit
595 3741 714 3793 Cramer
726 3740 886 3808 (Anecdota
898 3759 1012 3811 graeca,
1030 3742 1051 3802 l,
1066 3762 1092 3812 p.
1108 3742 1245 3809 403404).

180 3817 222 3869 Ι)0
242 3818 357 3887 quibus,
374 3820 409 3871 01.
426 3821 562 3890 BernayS,
583 3819 769 3874 Rheinisches
789 3823 927 3882 Muscam,
952 3823 986 3872 N.
1008 3823 1050 3882 F.,
1067 3822 1144 3882 Vlll,
1167 3822 1244 3883 1853,

179 3915 208 3966 p.
230 3898 369 3958 560-596;
387 3899 566 3960 Consbruch,
588 3903 630 3952 Zu
651 3899 706 3954 den
729 3902 884 3954 Traltaten
903 3899 964 3975 περὶ
984 3899 1143 3972 κωμῳδίας,
1167 3904 1246 3954 Com-

180 3977 368 4032 mentationes
390 3979 570 4032 inhonorem
594 3981 621 4030 G.
645 3979 831 4041 Studemund,
853 4001 879 4050 p.
904 3977 1171 4042 2112360Κο110,
1197 3980 1247 4034 Die

178 4055 384 4127 Prolcgomena
403 4056 463 4133 περὶ
480 4057 639 4130 κωμῳδίας,
655 4059 886 4130 Abbandlungen
906 4059 957 4114 der
976 4062 1037 4114 ton.
1059 4060 1248 4128 600011001οβ

179 4134 233 4188 0100
256 4137 495 4207 Wissenschasten
516 4157 551 4190 zu
575 4139 740 4209 Go'ttingcn,¹
763 4140 837 4192 Phil.
861 4139 925 4192 hist.
950 4142 1063 4203 Klasse,
1086 4142 1118 4192 N.
1143 4142 1185 4203 F,
1208 4142 1244 4203 ll,

179 4229 210 4266 no
226 4216 241 4266 4
255 4235 260 4274 ;
277 4215 376 4279 Ardnt,
394 4220 434 4271 De
449 4217 566 4271 ridiculi
582 4217 712 4272 doctrina
729 4219 879 4280 rhetorico,
896 4239 924 4290 p.
942 4223 1014 4274 8-15,

215 4297 239 4347 8.
265 4317 277 4345 0
303 4298 331 4349 10
353 4297 548 4366 (Aristoteles)
569 4316 682 4351 versum
704 4300 732 4350 10
755 4301 883 4352 oratione
905 4311 980 4353 vetat
1002 4319 1075 4364 esee,
1099 4319 1246 4354 numerum

180 4374 268 4429 iubet.
289 4399 301 4429 r
319 4379 381 4440 00,
398 4380 441 4440 51,
459 4380 529 4439 172;
546 4378 582 4435 cf.
598 4377 687 4431 Arist.
705 4380 799 4442 Rhea,
816 4381 841 4442 3,
860 4382 884 4442 8,
902 4382 927 4443 1,
944 4382 969 4432 2.
