3086 5040
260 477 295 534 24
397 494 490 532 CAPUT
510 492 541 532 ll.
562 507 594 515 ···
615 493 684 542 QUlD
703 493 717 530 ((
734 493 870 543 ANTIQUIS
887 492 901 530 l)
921 494 1023 534 ulcero
1043 494 1191 534 oeeusnn·

261 627 364 694 etiam
384 626 427 693 ab
448 626 524 693 aliis
545 626 722 716 permultis
743 626 897 717 accipere
918 627 1099 717 potuisset,
1118 627 1327 696 nesciremus

261 766 337 810 eum
371 766 452 810 vere
489 742 645 809 Phaedro
681 765 782 809 usum
817 766 895 809 esse
931 741 998 809 nisi
1034 742 1108 833 ipse
1142 742 1176 809 id
1211 753 1327 834 aperte

262 858 419 926 dixisset.

300 1001 367 1063 Nec
380 1001 476 1064 latius
491 1010 586 1083 atque
601 1000 763 1082 copiosius
778 1000 817 1061 de
833 1000 960 1082 magnis
974 1001 1134 1084 variisque
1150 1003 1245 1064 rebus
1260 1002 1328 1064 sine

261 1090 464 1174 philosophia
486 1097 593 1172 potest
617 1089 787 1171 quisquam
812 1088 942 1164 dicere3
970 1091 996 1150 si
1020 1090 1149 1173 quidem
1174 1091 1269 1152 etiam
1297 1091 1328 1151 in

260 1180 416 1240 Phaedro
445 1179 598 1239 Platonis
626 1178 687 1238 hoc
716 1177 861 1239 Periclen
891 1178 1090 1260 praestitisse
1115 1179 1230 1241 ceteris
1254 1180 1330 1241 dicit

261 1268 441 1330 oratoribus
459 1267 617 1339 Socrates
636 1265 720 1348 quod
742 1265 769 1327 is
789 1265 1001 1348 Anaxagorae
1021 1268 1146 1351 physici
1163 1268 1258 1329 luerit
1272 1290 1329 1330 au-

261 1357 365 1431 ditor3
392 1378 410 1418 a
434 1377 497 1440 quo
521 1363 631 1416 censet
655 1375 738 1429 eum,
761 1375 833 1416 cum
853 1355 914 1416 alia
934 1357 1099 1438 praeclara
1120 1358 1276 1440 quaedam
1298 1366 1331 1419 et

262 1446 433 1528 magnifica
444 1444 619 1518 didicisset,
631 1444 762 1505 uberem
773 1453 805 1504 et
815 1443 985 1505 fecundum
997 1445 1106 1520 luisse,
1117 1467 1327 1530 gnarumque,

261 1534 346 1617 quod
376 1544 425 1596 est
453 1533 654 1616 eloquentiae
683 1533 869 1606 maximum,
901 1534 1017 1614 quibus
1041 1537 1202 1596 orationis
1226 1536 1330 1596 modis

262 1645 410 1706 quaeque
439 1625 626 1683 onimorom
650 1633 768 1703 portes
790 1621 1008 1703 pellerentur.
1042 1623 1111 1698 Or,
1142 1629 1170 1698 4,
1204 1629 1251 1686 15.
1280 1624 1327 1687 Cf.

262 1711 394 1786 Phaed,
412 1734 444 1796 p.
463 1717 521 1774 269
536 1711 573 1772 E.

302 1801 389 1862 Haec
408 1809 562 1862 tractasse
583 1798 857 1880 Thrasymachum
877 1798 1127 1864 Calchedonium
1143 1801 1283 1885 primum
1299 1810 1332 1863 et

263 1889 454 1952 Leontinum
478 1890 584 1952 lerunt
611 1886 780 1971 Gorgiam.
810 1886 1014 1950 Theodorum
1043 1891 1115 1952 inde
1142 1891 1330 1972 Byzantium

262 1978 442 2061 multosque
457 1979 537 2040 alios
553 1999 634 2061 quos
648 1989 868 2063 λογοδκιδάλους
887 1978 1030 2060 appellat
1049 1979 1080 2040 in
1101 1981 1256 2041 Phaedro
1274 1981 1329 2042 So-

263 2076 377 2129 crates.
396 2068 465 2141 Or.,
485 2072 532 2142 12,
550 2073 599 2140 39,
617 2068 656 2129 cl.
675 2068 808 2142 Phaed.,
827 2090 858 2150 p.
877 2073 945 2136 266,
965 2067 1001 2128 E.

303 2156 459 2218 Isocrates
491 2156 618 2218 videtur
649 2157 833 2219 testimonio
867 2157 1010 2220 Platonis
1043 2156 1177 2220 aliorum
1215 2158 1332 2220 iudicia

262 2246 379 2307 debere
403 2254 618 2307 contemnere.
645 2243 703 2307 Est
727 2247 823 2320 enim,
849 2255 884 2308 ut
909 2246 983 2320 scis,
1010 2246 1102 2328 quasi
1127 2247 1159 2307 in
1189 2257 1332 2308 extrema

263 2335 383 2419 pagina
402 2335 553 2396 Phaedri
569 2335 619 2396 his
640 2335 719 2418 ipsis
739 2335 845 2397 verbis
865 2336 1000 2417 loquens
1025 2335 1192 2398 Socrates:
1213 2363 1225 2392 a
1243 2336 1332 2397 Adu-

262 2425 387 2486 lescens
401 2424 497 2485 etiam
512 2444 606 2498 nunc,
619 2444 637 2485 o
652 2423 807 2498 Phaedre,
822 2423 978 2485 Isocrates
992 2431 1051 2497 est,
1065 2424 1121 2485 sed
1136 2425 1211 2506 quid
1225 2425 1264 2487 de
1277 2425 1332 2486 illo

264 2525 405 2596 augurer
427 2513 517 2575 lubet
540 2513 658 2574 dicere.
685 2513 770 2591 Quid
795 2513 956 2574 tandem?
985 2513 1087 2595 inquit
1115 2513 1180 2576 ille.
1211 2513 1332 2575 Maiore

264 2603 342 2663 mihi
357 2602 488 2685 ingenio
503 2603 629 2663 videtur
648 2621 719 2663 esse
739 2623 834 2684 quam
854 2611 889 2662 ut
908 2622 980 2663 eum
1001 2601 1199 2664 orationibus
1219 2603 1333 2685 Lysiae

264 2700 478 2773 comparetur,
503 2701 670 2773 praeterea
691 2691 731 2752 ad
753 2691 903 2752 virtutem
926 2691 1027 2751 maior
1048 2690 1191 2765 indoles;
1218 2701 1254 2754 ut
1277 2692 1333 2752 mi·

264 2781 349 2841 nime
365 2780 479 2842 mirum
495 2780 635 2841 futurum
652 2781 704 2854 sit,
722 2780 760 2853 si,
783 2799 855 2840 cum
876 2787 981 2841 aetate
1001 2781 1205 2862 processerit,
1227 2791 1282 2843 aut
1300 2781 1334 2842 in

264 2870 324 2931 hoo
352 2869 532 2930 orationum
560 2889 679 2952 genere
709 2869 759 2930 cui
777 2888 861 2929 nunc
881 2868 998 2930 studet
1025 2877 1150 2930 tantum
1179 2880 1333 2952 quantum

265 2958 374 3041 pueris
390 2958 521 3040 reliquis
536 2966 679 3040 praestet
694 2957 843 3018 omnihus
859 2958 913 3039 qui
928 2978 1068 3040 unquam
1085 2959 1246 3020 orationes
1261 2959 1333 3020 atti-

265 3056 391 3130 gerunt,
409 3056 474 3120 aut,
492 3047 519 3107 si
535 3055 703 3107 contentus
718 3046 769 3107 his
784 3066 848 3106 non
863 3046 968 3119 luerit,
986 3045 1093 3107 divino
1109 3047 1216 3130 aliquo
1235 3048 1333 3108 animi

265 3145 353 3197 motu
369 3135 489 3196 maiora
504 3135 728 3217 concupiscat3
746 3135 829 3195 inest
844 3135 928 3196 enim
944 3143 1057 3196 natura
1077 3135 1282 3220 philosophia
1301 3137 1334 3197 in

264 3224 359 3286 huius
374 3225 433 3285 viri
449 3234 555 3285 mente
570 3224 727 3305 quaedam
745 3249 771 3284 ›>.
794 3223 880 3284 Haec
900 3223 939 3284 de
959 3223 1164 3287 adulescente
1186 3226 1335 3288 Socrates

265 3324 452 3396 auguratur.
474 3312 516 3374 At
535 3333 572 3373 ea
591 3313 630 3374 de
655 3313 780 3374 seniore
806 3312 917 3374 scribit
941 3311 1083 3374 Plato...
1111 3314 1180 3388 On,
1209 3321 1256 3389 13,
1282 3319 1331 3376 41.

267 3402 314 3466 Cl.
332 3401 464 3476 Phaed,
482 3423 514 3483 p.
532 3407 591 3464 278
608 3401 710 3463 E-tte
724 3401 762 3463 B.

306 3490 372 3552 Cur
395 3511 457 3552 non
483 3491 654 3564 imitamur,
683 3491 810 3564 Crasse,
839 3490 1006 3551 Socratem
1031 3490 1120 3551 illurn
1145 3493 1199 3574 qui
1223 3501 1272 3554 est
1300 3493 1334 3554 in

266 3580 411 3641 Phaedro
436 3579 602 3640 Platonis?
625 3579 705 3640 Nam
732 3599 782 3640 me
804 3579 884 3640 haec
905 3589 960 3640 tua
984 3579 1132 3661 platanus
1157 3581 1332 3655 admonuit,

266 3689 348 3750 quae
376 3689 439 3729 non
469 3668 574 3729 minus
602 3668 642 3729 ad
671 3667 871 3750 opacandum
900 3668 985 3728 hunc
1014 3667 1119 3731 locum
1144 3670 1262 3752 patulis
1286 3681 1336 3733 est

266 3758 381 3819 diffusa
397 3757 494 3818 ramis
510 3778 605 3839 quam
621 3757 674 3818 illa
685 3757 776 3818 cuius
787 3757 933 3817 umbram
946 3765 1074 3818 secutus
1085 3768 1134 3819 est
1147 3759 1332 3821 Socrates...

266 3846 314 3908 De
330 3846 398 3921 Or.,
419 3853 445 3921 1,
464 3852 491 3920 7,
510 3851 567 3921 28;
585 3846 624 3907 cf.
644 3845 735 3929 Leg.,
753 3851 781 3920 2,
799 3851 828 3920 3,
846 3851 881 3920 6;
900 3844 1032 3920 Phaed,
1051 3868 1083 3929 p.
1101 3852 1247 3910 229-230.

312 3993 454 4056 Praeter
464 3988 632 4078 Gorgiam
643 3998 677 4054 et
688 3988 881 4056 Phaedrum
894 3986 993 4077 pauci
1007 3999 1086 4056 sunt
1100 3989 1251 4058 Platonis
1265 3990 1335 4058 dia-

267 4104 337 4195 logi
346 4105 435 4171 unde
445 4103 565 4173 Cicero
575 4103 702 4194 aliquid
712 4103 915 4193 inoperibus
925 4102 1103 4171 rhetoricis
1113 4105 1332 4196 expresserit.

312 4218 469 4286 Politiam
489 4219 522 4285 in
540 4218 637 4286 libris
655 4219 696 4286 de
715 4221 860 4289 Oratore
880 4243 916 4289 se
934 4217 1103 4294 imitatum
1123 4246 1201 4294 esse
1221 4222 1335 4296 Attico

269 4334 422 4402 narravit
439 4360 446 4403 :
