3086 5040
442 447 457 526 ἓ
477 457 503 512 l.
526 485 559 495 -
577 472 647 522 oum
667 463 836 512 nntsrornnt
855 463 1003 513 nnnunnm
1221 444 1256 512 33

190 597 454 694 alterum'ipsius
466 604 663 672 Aristotelis
675 604 879 673 rhetoricam
894 604 1100 672 continebat.
1120 608 1255 674 Utrum-

190 744 254 810 que
278 719 399 789 Cicero
421 731 575 788 noverat.
601 721 728 811 Topica
748 744 894 812 quoque,
919 743 1005 811 quae
1030 744 1097 788 non
1119 720 1255 811 quidem

188 835 278 902 inter
310 835 498 903 rhetoricos
532 836 638 904 libros
667 836 947 918 numerabantur,
978 835 1039 908 sed
1072 859 1148 903 eum
1183 847 1255 903 arte

190 950 324 1018 dicendi
348 951 447 1042 quasi
476 952 679 1042 cognatione
708 951 855 1043 quadam
880 951 1060 1020 coniuncta
1086 962 1194 1035 erant,
1221 951 1255 1018 in

188 1065 397 1134 bibliotheca
412 1091 475 1134 sua
490 1067 651 1136 habebat.

229 1209 366 1272 Veteres
390 1210 519 1293 quidem
545 1211 719 1293 scriptores
744 1211 832 1286 artis,
859 1231 959 1294 usque
986 1232 1005 1272 a
1033 1210 1177 1294 principe
1201 1211 1255 1272 illo

182 1308 284 1380 atque
311 1299 474 1362 inventore
499 1298 587 1361 Tisia
612 1300 776 1382 repetitos
800 1321 898 1362 unum
923 1300 1081 1362 inlocum
1106 1300 1257 1362 conduxit

190 1386 380 1450 Aristoteles
391 1397 424 1450 et
438 1388 626 1449 nominatim
638 1389 792 1471 cuiusque
807 1398 979 1471 praecepta
995 1409 1112 1474 magna
1127 1389 1255 1472 conqui-

180 1476 251 1577 'sita
275 1497 351 1538 cura
379 1477 549 1564 perspicue
578 1478 769 1561 conscripsit
797 1486 892 1561 atque
921 1477 1057 1540 enodata
1085 1477 1256 1562 diligenter
1363 1539 1368 1545 ,

174 1565 349 1648 exposuit.
368 1565 447 1641 lnv.,
466 1571 494 1640 2,
512 1572 541 1640 2,
559 1571 588 1628 6.

229 1653 446 1729 Aristotelem,
469 1655 559 1717 cuius
578 1664 610 1717 et
629 1655 719 1716 illum
739 1656 804 1740 legi
824 1655 951 1730 librum,
973 1655 1088 1738 inquo
1108 1656 1256 1736 exposuit

190 1743 316 1805 dicendi
338 1744 417 1805 artis
436 1744 579 1805 omnium
600 1746 812 1827 superiorum,
834 1754 867 1806 et
884 1744 968 1818 illos,
991 1744 1023 1805 in
1045 1744 1161 1827 quibus
1185 1745 1255 1828 ipse

191 1852 247 1893 sna
262 1832 419 1915 quaedam
435 1833 474 1895 de
490 1833 602 1895 eadem
618 1843 686 1895 arte
701 1834 791 1895 dixit.
809 1833 857 1896 De
873 1834 942 1908 Or.,
960 1839 988 1907 2,
1005 1838 1055 1908 38,
1075 1838 1141 1895 160.

230 1919 312 1983 Cum
335 1921 420 1983 enim
442 1942 568 1984 mecum
590 1922 622 1982 in
644 1921 825 1984 Tusculano
850 1943 938 1985 esses
958 1931 990 1983 et
1009 1922 1041 1982 in
1063 1922 1256 1984 bibliotheca

191 2010 363 2093 separatim
383 2020 518 2094 uterque
537 2020 682 2072 nostrum
702 2012 742 2073 nd
762 2033 855 2074 suum
875 2011 1016 2073 studium
1035 2011 1160 2073 libellos
1175 2032 1255 2094 quos

190 2099 286 2162 vellet
309 2098 479 2174 evolveret,
508 2099 647 2162 incidisti
676 2101 707 2161 in
732 2100 914 2163 Aristotelis
942 2099 1063 2182 Topica
1085 2101 1253 2182 quaedam,

191 2208 272 2271 quae
288 2189 418 2250 suntab
433 2188 488 2250 illo
503 2188 649 2272 pluribus
669 2190 759 2252 libris
775 2190 944 2273 explicata.
963 2189 1034 2268 Qua
1049 2189 1255 2273 inscriptione

192 2287 380 2350 commotus,
417 2278 567 2340 continuo
600 2299 619 2339 a
651 2299 702 2340 me
735 2279 888 2340 librorum
922 2298 1030 2340 eorum
1065 2279 1255 2341 sententiam

194 2367 358 2450 requisisti
367 2389 377 2443 3.
391 2387 487 2449 quam
503 2388 575 2429 enm
590 2368 647 2430 tibi
662 2369 923 2450 exposuissem...
940 2366 1034 2450 Top.,
1054 2375 1080 2443 1,
1100 2374 1160 2430 1-2.

237 2509 327 2596 Quid
355 2533 438 2577 vero
462 2534 503 2577 ex
531 2509 574 2577 iis
600 2511 696 2579 libris
721 2512 841 2581 Cicero
871 2511 1072 2603 expressit?
1101 2510 1255 2580 Celebris

192 2623 319 2692 iamdiu
334 2625 569 2693 controversia
584 2637 638 2694 est
652 2614 856 2694 lectitaritne
874 2627 1071 2696 Aristotelis
1086 2627 1127 2694 de
1147 2626 1256 2717 philo-

194 2741 313 2831 sophia
332 2741 451 2824 libros,
478 2765 581 2810 eosne
601 2741 817 2825 intellexerit,
842 2743 930 2810 iisne
952 2768 1036 2811 usus
1059 2743 1104 2810 sit
1127 2744 1150 2808 ¹.
1173 2746 1256 2809 Pro-

193 2851 282 2925 fecto
308 2857 411 2924 etiam
441 2856 470 2924 si
495 2857 766 2926 demonstratum
792 2869 886 2926 esset
913 2883 989 2926 eum
1015 2859 1058 2926 ab
1083 2858 1150 2925 illis
1174 2857 1256 2925 nihil

193 2971 353 3039 didicisse
369 2995 436 3040 non
451 2981 566 3040 tamen
580 2973 670 3040 idem
684 2972 726 3041 de
745 2973 842 3041 libris
863 2973 1040 3041 rhetoricis
1061 2973 1256 3041 necessario

194 3086 460 3155 concludendum
480 3099 585 3156 esset.
609 3093 659 3156 De
678 3089 721 3156 iis
737 3100 868 3157 tantum
884 3089 982 3157 nobis
998 3089 1169 3182 agendum
1189 3100 1254 3156 est.

236 3203 287 3270 Ac
306 3203 452 3296 primum
474 3203 503 3270 si
523 3203 600 3295 quis
619 3214 726 3271 totam
748 3204 944 3272 Aristotelis
964 3205 1007 3272 de
1029 3217 1102 3273 arte
1123 3204 1256 3272 dicendi

193 3317 382 3386 doctrinam
408 3343 515 3410 eaque
539 3319 717 3386 innumera
744 3345 831 3411 quae
855 3319 896 3387 de
926 3321 1002 3410 ipsa
1026 3321 1190 3404 oratione,
1215 3321 1256 3389 de

194 3445 472 3525 argumentorum
496 3435 592 3516 locis,
620 3435 661 3503 de
686 3435 859 3502 hominum
883 3436 1034 3504 moribus
1059 3435 1256 3504 acutissime

194 3549 404 3633 observavit,
417 3551 508 3640 apud
524 3551 724 3620 Ciceronem
740 3551 884 3642 quaerit,
902 3551 931 3619 is
949 3576 1031 3619 sane
1047 3552 1257 3642 paucissima

194 3665 331 3756 reperit.
359 3665 502 3734 Collecti
527 3676 607 3733 sunt
629 3690 649 3733 a
671 3665 780 3734 doctis
800 3666 884 3734 viris
911 3669 924 3712 2
946 3667 970 3733 ii
993 3667 1168 3737 Ciceronis
1192 3667 1257 3735 loci

229 3844 254 3894 1.
271 3843 315 3896 Cf.
332 3843 756 3905 Banmhaue1·,DeAristotelia
772 3844 798 3897 vi
813 3843 841 3896 iu
858 3844 999 3898 Ciceronis
1012 3845 1144 3920 scriptis;
1161 3846 1254 3907 Smin,

193 3923 363 3977 Aristoteles
390 3923 435 3976 bei
462 3923 517 3977 den
540 3926 671 3984 R'o'mern,
701 3944 727 3994 p.
761 3925 870 3982 43-52;
902 3925 994 3987 Heitz,
1019 3926 1072 3978 Die
1096 3925 1257 3979 certamnen

195 4002 337 4071 Sebriflen
347 4002 397 4056 des
408 4003 587 4066 Aristoteles,
604 4024 633 4075 p.
651 4005 776 4066 tat-187,
794 4006 928 4064 228-229;
942 4006 1064 4075 Madvig,
1080 4004 1115 4058 de
1126 4006 1254 4065 Finibus,

193 4101 222 4152 p.
237 4084 298 4143 496,
313 4085 439 4136 837-848.

228 4163 254 4214 2.
276 4162 320 4215 Cf.
341 4163 537 4216 adnotationes
554 4182 653 4217 eorum
673 4164 721 4234 qui
743 4164 835 4216 libros
850 4164 998 4217 Ciceronis
1019 4166 1179 4218 rhetoricos
1195 4166 1256 4218 edi-

193 4243 304 4303 derunt,
318 4261 343 4294 v.
358 4261 385 4313 g.
403 4243 520 4296 Piderit.
534 4244 689 4297 Commode
704 4244 784 4296 locos
797 4245 936 4297 contraxit
950 4246 965 4296 J
969 4245 1076 4307 entscb,
1093 4245 1257 4298 Aristotelis

194 4339 230 4375 ex
253 4330 316 4376 arte
341 4321 482 4377 rhetorico
505 4323 656 4398 quaeritur
677 4323 748 4397 quid
770 4323 875 4377 babeat
899 4324 1004 4378 Cicero.
1031 4325 1172 4379 Subtilius
1197 4343 1256 4377 earn

1110 4447 1125 4490 4
1165 4453 1171 4464 .
