3086 5040
226 459 280 534 §n
295 493 328 502 —
342 479 411 528 oum
423 479 527 520 crosno
540 479 558 519 A
572 478 739 519 nxsronrcx
752 479 918 529 neruorum,
932 479 1001 528 ourn
1015 478 1042 518 nr
1056 478 1184 520 rnreutr
1221 463 1256 518 13

228 613 348 680 Artem
362 612 565 682 rhetoricam
579 612 733 680 inutilem
747 637 825 680 esse
839 636 1012 704 nunqnam
1024 613 1145 682 Cicero
1156 612 1253 695 dixit,

184 728 246 796 sed
262 751 341 796 eam
362 729 494 810 solam,
512 728 586 796 sine
607 728 758 819 ingenio,
775 728 1018 797 exercitatione
1038 751 1077 796 ac
1098 752 1255 819 praeser-

182 843 243 910 tim
260 843 334 910 sine
350 868 463 910 rerum
479 843 675 934 cognitione
697 845 842 911 minime
861 845 1027 935 sufficere
1047 845 1198 924 iudicat.
1218 847 1255 910 ln

182 959 302 1050 primis
318 959 555 1050 philosophiae
569 960 733 1042 studium,
748 959 894 1027 maxime
911 960 1149 1041 Academicae,
1167 983 1254 1028 oom-

181 1073 333 1158 mendat,
350 1074 448 1159 iuris,
461 1075 638 1157 historiae,
658 1085 849 1143 ceterarum
864 1098 980 1142 rerum
996 1075 1173 1143 scientiam
1187 1100 1254 1143 non

181 1189 433 1280 neglegendam
448 1200 558 1282 putat.
578 1191 684 1258 Simul
704 1201 819 1258 tamen
840 1190 925 1257 artis
946 1189 1138 1259 rhetoricae
1158 1215 1254 1282 prae-

182 1314 282 1396 cepta
311 1306 439 1374 oratori
468 1306 645 1389 discenda,
674 1306 718 1374 iis
750 1317 909 1374 naturam
943 1306 1110 1391 adiuvari,
1142 1331 1183 1374 ex
1210 1307 1253 1375 iis

180 1445 299 1489 veram
328 1422 512 1490 utilitatem
540 1423 670 1514 percipi
705 1422 764 1505 ait,
796 1423 896 1490 modo
925 1446 1000 1489 cum
1029 1423 1106 1490 aliis
1139 1422 1252 1514 magis

181 1538 390 1606 necessariis
406 1539 658 1630 coniungantur
677 1565 684 1607 :

222 1679 305 1742 Tum
321 1681 479 1744 Antonius
494 1683 701 1744 vehementer
716 1702 750 1744 se
765 1682 922 1743 assentire
934 1681 1053 1744 Crasso
1064 1681 1154 1756 dixit,
1168 1682 1252 1765 quod

181 1791 285 1852 neque
306 1773 352 1831 ita
372 1771 620 1854 amplecteretur
639 1779 752 1846 artem,
779 1780 814 1832 ut
838 1771 859 1831 ii
884 1769 1024 1832 solerent
1045 1771 1099 1853 qui
1124 1792 1251 1832 omnem

182 1861 243 1921 rim
269 1859 402 1920 dicendi
423 1860 455 1920 in
480 1869 738 1943 arteponerent,
763 1880 867 1940 neque
893 1881 1010 1920 rursus
1035 1881 1108 1921 eam
1138 1852 1249 1934 totam,

182 1948 264 2008 sicut
279 1947 425 2030 plerique
436 1948 620 2031 philosophi
631 1947 783 2021 facerent,
798 1947 1000 2029 repudiaret.
1015 1948 1079 2010 Sed
1090 1948 1249 2032 existimo,

181 2036 295 2119 inquit,
313 2045 441 2120 gratum
458 2046 489 2098 te
509 2037 558 2111 iis,
577 2035 705 2111 Crasse,
728 2036 897 2111 facturum,
920 2037 947 2097 si
968 2036 1029 2097 ista
1049 2037 1249 2119 exposueris

181 2146 262 2207 qnae
278 2134 373 2207 putas
388 2126 428 2187 ad
444 2125 614 2188 dicendum
630 2126 703 2208 plus
719 2146 814 2208 quarn
830 2125 932 2208 ipsam
949 2133 1051 2187 artem
1067 2145 1162 2207 posse
1174 2145 1250 2208 pro·

182 2213 286 2275 desse.
305 2213 353 2276 De
369 2213 438 2289 On,
458 2221 486 2289 1,
504 2219 552 2288 24,
573 2220 640 2276 110.

222 2302 275 2364 Sic
291 2303 400 2386 igitur,
418 2303 532 2386 inquit,
546 2304 660 2376 sentio,
675 2303 822 2377 Crassus,
835 2311 983 2364 naturam
998 2303 1137 2386 primum
1154 2312 1249 2386 atque

180 2391 346 2475 ingenium
370 2392 410 2453 ad
433 2392 602 2454 dicendum
622 2393 686 2453 vim
710 2393 824 2454 allerre
844 2392 1034 2466 maximam,
1057 2412 1159 2475 neque
1175 2413 1250 2455 vero

180 2481 261 2555 istis,
280 2481 319 2543 de
335 2482 451 2564 quibus
466 2481 562 2564 paulo
578 2490 651 2543 ante
667 2481 746 2543 dixit
760 2481 919 2543 Antonius
940 2481 1152 2564 scriptoribus
1171 2483 1249 2543 artis

182 2570 338 2632 rationem
354 2570 480 2633 dicendi
495 2579 528 2632 et
541 2571 626 2632 viam
646 2571 703 2632 sed
724 2579 870 2632 naturam
891 2571 1041 2632 defuisse.
1065 2570 1113 2632 De
1129 2571 1198 2646 Or,
1218 2578 1246 2646 1,

220 2747 328 2826 Quare
343 2767 405 2830 ego
421 2748 479 2809 tibi
494 2756 654 2810 oratorem
671 2748 716 2809 sie
731 2749 795 2809 iam
811 2747 987 2822 instituam,
1006 2747 1032 2810 si
1048 2758 1193 2830 potuer0,
1214 2757 1249 2809 ut

181 2835 256 2918 quid
272 2836 396 2897 efficere
412 2837 516 2919 possit
534 2846 608 2899 ante
627 2837 833 2920 perspiciam.
858 2837 907 2898 Sit
927 2837 1011 2897 enirn
1032 2837 1109 2898 mihi
1129 2839 1249 2898 tinctus

181 2925 307 3003 litteris,
319 2924 463 2986 'audierit
478 2925 609 3009 aliquid,
632 2925 758 3008 legerit,
775 2927 840 2986 ista
860 2927 934 3008 ipsa
949 2937 1133 3006 praecepta
1153 2948 1247 2987 aare·

178 3015 286 3094 perit;
302 3014 467 3096 temptabo
483 3014 558 3096 quid
578 3014 700 3088 deceat,
722 3013 798 3097 quid
813 3034 903 3088 voce,
926 3013 1002 3096 quid
1017 3013 1148 3088 viribus,
1172 3014 1247 3097 quid

180 3101 305 3184 spiritu,
324 3102 400 3185 quid
415 3102 527 3186 lingua
541 3103 666 3164 efficere
681 3103 821 3185 possit...
839 3102 887 3163 De
904 3102 973 3177 Or.,
991 3107 1019 3176 2,
1038 3108 1086 3176 20,
1104 3107 1153 3164 85.

217 3190 295 3254 11οη
310 3191 435 3273 negabo
451 3212 501 3252 me
516 3194 581 3251 ista
596 3191 738 3252 omnium
755 3191 936 3253 communia
953 3200 985 3252 et
1000 3191 1137 3252 contrita
1144 3214 1245 3273 prae-

180 3291 273 3362 cepta
303 3280 493 3341 didicisse...
528 3279 576 3340 Dc
606 3278 675 3354 Or.,
708 3285 735 3354 1,
766 3284 815 3353 31,
853 3284 908 3341 137
944 3278 1077 3360 (Deinde
1108 3279 1245 3342 Crassus

179 3379 351 3450 praecepta
371 3369 507 3431 maxime
527 3368 658 3450 volgata
681 3368 758 3429 artis
783 3368 961 3429 rhetoricae
981 3378 1148 3430 enumerat
1170 3391 1176 3430 :
1198 3369 1246 3431 De

181 3457 248 3532 or,
268 3463 295 3531 1,
312 3462 362 3532 31,
382 3462 501 3531 137-32,
521 3457 599 3534 145).

219 3546 253 3606 ln
281 3547 369 3607 his...
397 3545 462 3608 fere
490 3546 586 3607 rebus
610 3545 714 3606 omnis
741 3547 878 3606 istorum
905 3547 1070 3625 artificum
1096 3547 1247 3608 doctrine

179 3644 333 3708 versatur,
347 3657 446 3717 quom
458 3655 520 3716 ego
535 3637 567 3695 si
578 3634 662 3696 nihil
675 3633 782 3694 diram
794 3634 964 3709 adinrare,
978 3637 1130 3696 mentiar.
1143 3634 1247 3697 Habet

179 3723 263 3784 enim
279 3722 436 3806 quaedam
452 3723 543 3806 quasi
559 3722 598 3784 ad
612 3722 878 3784 commonendum
892 3732 1062 3797 oratorem,
1076 3744 1138 3806 quo
1152 3723 1246 3806 quid-

179 3833 239 3894 que
260 3812 428 3874 releratet
448 3832 511 3895 quo
532 3812 660 3873 intuens
679 3810 720 3871 ab
740 3831 788 3885 e0,
811 3812 1034 3893 quodcumque
1054 3812 1115 3873 sibi
1130 3832 1246 3895 propo-

180 3901 288 3975 suerit,
306 3901 411 3962 minus
427 3900 564 3962 abe'rret.
582 3900 629 3962 De
646 3899 715 3974 Or,
736 3905 762 3972 1,
780 3904 829 3974 32,
849 3905 916 3961 145.

218 3988 259 4051 Et
273 3991 464 4051 exercitatio
481 3989 637 4072 quaedam
654 3987 860 4071 suscipienda
873 3988 964 4050 vobis
980 3997 1038 4050 est.
1062 3987 1109 4050 De
1125 3989 1195 4064 Or,
1215 3995 1242 4064 1,

180 4081 314 4151 32,147.

219 4165 325 4246 Quare
340 4167 494 4229 confiteor
509 4167 658 4251 equidem
674 4166 769 4228 huius
784 4166 883 4228 boni¹
900 4176 1056 4227 naturam
1072 4185 1143 4228 essa
1158 4165 1244 4248 prin·

215 4329 240 4378 1.
257 4325 361 4398 Agitur
375 4327 410 4381 de
425 4330 571 4380 memoria.
