3086 5040
223 481 277 555 §ln
293 515 326 524 -
340 501 405 542 uuu
419 502 603 542 onanconuu
618 501 782 543 rrvsrrrurro
795 502 944 543 onsromn
957 503 1163 543 vrrurnnnruu
1201 486 1233 542 11

164 633 293 717 volgata
323 645 497 717 praecepta
525 634 684 710 decantet,
716 655 788 696 cum
817 635 887 718 ipse
920 655 1083 718 nunquam
1117 635 1232 710 lorum,

164 743 327 804 nunquam
343 723 443 784 ullum
460 724 612 785 iudicium
628 725 801 806 aspexerit.
819 724 867 786 De
883 727 953 799 Or„
971 730 999 800 2,
1019 730 1066 799 18,
1085 731 1133 787 75.

203 811 370 874 Attentum
391 823 523 876 monent
543 813 668 876 Graeci
684 822 719 875 ut
737 813 896 898 principio
919 813 1075 876 faciamus
1097 813 1234 876 iudicem

164 910 195 962 et
222 900 360 963 docilem
387 924 393 963 :
424 921 507 983 quae
535 912 611 965 sunt
638 903 739 977 utilia,
772 901 829 964 sed
857 923 921 964 non
949 903 1100 987 principii
1129 903 1235 988 magis

163 990 295 1073 propria
309 1011 406 1073 quam
422 991 617 1073 reliquarum
633 991 783 1074 partium.
801 991 850 1052 De
865 991 934 1066 Or.‚
953 997 981 1065 2,
1000 997 1047 1066 79,
1064 997 1133 1054 323.

203 1079 312 1158 Quare
344 1081 501 1142 Coracem
531 1083 628 1141 istum
658 1090 801 1143 vestrum
829 1081 990 1164 patiamur
1018 1101 1076 1142 nos
1106 1080 1235 1164 quidem

163 1167 269 1250 pullos
299 1189 376 1230 suos
405 1169 573 1232 excludere
602 1169 634 1230 in
669 1170 755 1243 nido,
791 1170 845 1252 qui
878 1169 1005 1231 evolent
1038 1170 1236 1230 cloneatores

165 1258 274 1318 odiosi
286 1281 326 1317 oc
341 1258 480 1332 molesti,
497 1258 777 1341 Pamphilumque
797 1260 905 1319 nescio
926 1279 1020 1340 quem
1041 1259 1185 1320 sinamus
1204 1258 1235 1318 in

164 1345 271 1407 infulis
287 1355 409 1408 tantam
425 1367 492 1409 rem
508 1357 660 1430 tanquam
677 1347 810 1431 puerilis
831 1347 963 1410 delicias
983 1347 1107 1430 aliquas
1127 1347 1236 1430 depin-

164 1455 252 1518 gere.
270 1434 319 1496 De
335 1434 404 1510 Or„
422 1440 451 1509 3,
470 1442 518 1509 21,
536 1441 585 1498 81.

203 1523 303 1585 Verbi
328 1524 412 1585 enim
435 1525 653 1586 controversia
677 1525 797 1586 iamdiu
822 1534 949 1607 torquet
974 1524 1157 1587 Graeculos
1181 1525 1236 1586 ho·

165 1613 279 1687 mines,
303 1613 518 1675 contentionis
538 1613 720 1696 cupidiores
740 1636 836 1697 quam
860 1615 1014 1676 veritatis.
1039 1613 1087 1674 De
1110 1614 1178 1688 Or.,
1206 1620 1233 1687 1,

166 1707 212 1774 11,
230 1706 280 1764 47.

204 1791 286 1870 Quis
301 1791 386 1852 enim
397 1801 448 1853 est
457 1794 594 1853 istorum
607 1791 811 1854 Graecorum
823 1793 877 1876 qui
888 1813 1080 1875 quemquam
1091 1800 1236 1853 nostrum

165 1880 335 1963 quicquam
352 1881 540 1965 intellegere
556 1882 754 1944 arbitretur?
769 1881 817 1944 De
834 1883 902 1956 Or.‚
921 1887 949 1956 2,
969 1888 1015 1956 19,
1035 1887 1082 1943 77.

210 2026 270 2091 lV.
293 2064 337 2072 —
357 2023 498 2091 Minime
519 2034 654 2092 constat
675 2026 829 2094 Graecos
849 2048 869 2092 a
889 2023 1083 2092 rhetoribus
1104 2022 1237 2091 Latinis

165 2138 346 2230 despectos
363 2163 453 2206 esse.
472 2140 605 2208 Scimus
621 2141 759 2233 quidem
774 2164 851 2209 eum
866 2139 924 2232 qui
937 2140 1043 2207 libros
1055 2139 1098 2207 ad
1111 2143 1237 2207 Heren-

167 2255 258 2321 nium
284 2266 446 2346 quattuor
468 2257 561 2323 misit
582 2257 689 2323 multa
713 2280 733 2323 a
758 2255 904 2326 Graecis
924 2255 1145 2345 surripuisse,
1167 2255 1236 2321 iere

165 2370 246 2438 nihil
276 2370 327 2439 eis
356 2382 534 2461 acceptum
564 2370 751 2439 rettulisse.
784 2372 851 2439 Sed
880 2371 921 2438 de
951 2371 1074 2438 ceteris
1104 2370 1237 2437 Latinis

166 2486 360 2555 rhetoribus
376 2486 458 2554 nihil
474 2487 573 2555 nobis
589 2487 751 2554 memoria
767 2487 930 2556 traditum
946 2497 1000 2554 est
1011 2486 1101 2554 unde
1113 2486 1236 2553 similia

167 2602 367 2670 concludere
386 2602 499 2670 liceat.
521 2602 721 2671 Ciceronem
740 2627 823 2670 vero
838 2603 963 2692 ipsum,
982 2625 1058 2669 cum
1073 2602 1179 2669 libros
1195 2601 1236 2668 de

168 2719 313 2786 Oratore
330 2718 507 2800 scriberet,
531 2718 676 2788 Graecis
701 2719 816 2785 lavere
835 2718 988 2785 voluisse
1008 2718 1086 2810 quis
1106 2717 1235 2794 credat,

167 2857 241 2900 cum
273 2844 344 2901 tam
374 2835 495 2902 acerbe
525 2857 584 2901 eos
615 2835 714 2903 modo
743 2834 975 2902 audiverimus
1004 2834 1038 2901 in
1067 2833 1110 2900 iis
1139 2833 1236 2901 libris

167 2949 315 3017 irrisos?

210 3069 287 3134 Non
302 3066 409 3157 igitur
424 3067 538 3158 potius
554 3077 671 3135 contra
686 3067 827 3133 Latinos
841 3066 995 3132 rhetores
1007 3089 1108 3157 quam
1120 3075 1237 3133 contra

169 3185 322 3250 Graecos
337 3183 415 3251 libri
430 3183 472 3249 de
489 3185 635 3252 Oratore
652 3182 770 3273 scripti
787 3192 878 3249 sunt.

194 3444 259 3522 54.
282 3482 326 3490 -
349 3444 460 3510 Num
482 3445 752 3512 Graecorum
775 3444 990 3512 institutio
1015 3444 1210 3512 oratoria

558 3561 842 3644 vituperetur.

213 3753 259 3819 At
276 3752 358 3819 haee
374 3752 449 3844 ipsu
466 3777 552 3844 quae
568 3753 603 3819 in
619 3756 773 3823 Graecos
789 3753 911 3820 acerbe
927 3752 1017 3820 dicta
1033 3752 1237 3843 protulimus

169 3867 212 3934 ad
233 3867 334 3934 aliam
350 3868 533 3959 quamdam
554 3869 760 3936 sententiam
781 3892 844 3935 nos
863 3868 1049 3958 perducere
1064 3868 1236 3945 videntur,

170 4008 271 4074 quam
282 3985 513 4075 propugnavit
526 3984 645 4053 Cima¹
661 4010 668 4052 :
683 3984 883 4053 Ciceronem
895 3984 1075 4052 ostendere
1087 3984 1238 4052 voluisse

204 4202 229 4251 1.
247 4199 321 4252 Dell'
333 4201 452 4254 Oratore
468 4199 534 4252 libri
553 4209 604 4260 tre,
624 4202 659 4261 ΙΙ,
677 4221 706 4271 p.
724 4220 778 4256 xrx.
796 4202 923 4252 Graecos
940 4219 954 4252 a
970 4201 1108 4252 Cicerone
1123 4200 1235 4268 vitupe-

170 4280 226 4331 rari
242 4289 339 4332 censet
354 4298 466 4351 quoque
482 4281 524 4332 vir
540 4281 726 4333 doctissimus
741 4281 790 4332 Ae.
811 4281 953 4332 Thomas:
971 4301 983 4330 u
998 4280 1022 4331 ll
1037 4300 1055 4350 y
1068 4298 1083 4331 a
1099 4298 1132 4332 en
1147 4279 1236 4330 verite

169 4360 238 4412 dans
261 4376 293 4411 ce
313 4360 400 4429 grand
421 4378 544 4431 ouvrage
569 4362 604 4417 de
625 4361 748 4415 Ciceros
770 4362 923 4442 quelqu’un
945 4361 980 4416 de
1002 4360 1237 4414 volontairement
