3086 5040
278 457 314 514 ³2
415 473 509 514 cnrur
527 474 558 514 11.
581 487 613 498 -
633 474 702 524 Qorc
722 474 736 513 o
753 475 889 525 turrours
905 474 920 514 n
939 476 1042 517 crunno
1060 477 1209 518 osounnrr

318 606 366 668 Ne
379 606 640 670 doctissimorum
661 608 790 691 quidem
809 608 950 671 virorum
970 630 1025 671 cos
1047 611 1188 673 movebit
1207 612 1346 674 auctori-

278 696 351 757 tas?
366 695 488 758 Omitto
504 694 667 759 Isocraten
683 697 922 780 discipulosque
938 698 1006 760 eius
1021 698 1192 781 Ephorum
1208 708 1240 762 et
1253 699 1346 764 Nan·

279 796 403 858 craten,
416 805 611 868 quamquam
627 785 781 848 orationis
797 786 960 849 faciendae
975 797 1007 849 et
1021 788 1184 849 ornandae
1199 799 1346 851 auctores

278 872 522 956 locupletissimi
543 874 660 936 summi
680 874 742 958 ipsi
762 885 907 938 oratores
927 897 998 938 esse
1018 877 1215 940 debebant...
1241 877 1345 939 Theo-

277 961 422 1025 dectes...
439 961 500 1024 hoc
514 963 600 1026 idem
616 964 714 1026 sentit
728 973 760 1026 et
774 965 942 1048 praecipit.
960 965 1029 1040 Or.,
1046 971 1096 1041 51,
1115 972 1182 1028 172.

318 1049 376 1112 Est
404 1051 533 1134 quidem
563 1053 698 1136 (paean),
724 1063 759 1114 ut
786 1053 870 1116 inter
897 1055 1002 1116 omnis
1030 1064 1156 1118 constat
1183 1055 1342 1139 antiquos,

277 1137 493 1215 Aristotelem,
518 1139 787 1224 Theophrastum,
815 1141 843 1203 T
842 1144 1026 1221 heodecten,
1055 1143 1235 1226 Ephorum,
1262 1166 1344 1207 unus

277 1227 464 1310 aptissimus
479 1229 615 1291 orationi
629 1229 680 1291 vel
693 1229 810 1292 orienti
824 1231 875 1292 vel
892 1230 1026 1292 mediae.
1045 1232 1114 1306 Or.,
1133 1237 1181 1306 64,
1199 1237 1268 1295 218.

317 1316 472 1399 Ephorus
486 1327 604 1394 autem,
623 1318 702 1380 levis
717 1318 786 1402 ipse
802 1329 910 1382 orator
930 1329 962 1382 et
980 1321 1143 1403 proiectus
1163 1342 1202 1384 ex
1222 1323 1344 1406 optima

277 1405 456 1490 disciplina,
474 1428 598 1490 paeana
613 1409 757 1491 sequitur
772 1418 827 1470 aut
841 1408 1014 1491 dactylum,
1027 1410 1111 1494 iugit
1126 1421 1232 1473 autem
1249 1431 1343 1494 spon-

276 1494 371 1556 deum
387 1506 419 1558 et
433 1498 630 1559 trochaeum.
649 1498 717 1572 Or,
736 1505 784 1573 57,
804 1505 872 1561 191.

311 1585 381 1670 ¹Sed
403 1595 435 1648 et
454 1586 500 1647 illi
522 1587 647 1670 priores
668 1597 776 1650 errant
795 1597 827 1650 et
845 1587 1001 1671 Ephorus
1024 1589 1057 1650 in
1077 1590 1171 1672 culpa
1190 1600 1249 1653 est.
1272 1591 1340 1666 Or.,

276 1679 412 1749 57,192.

315 1762 471 1846 Ephorus
484 1785 560 1828 vero
575 1785 615 1826 ne
631 1767 809 1849 spondeum
820 1766 960 1850 quidem,
974 1787 1069 1850 quem
1084 1768 1177 1851 lugit,
1191 1769 1343 1854 intelligit

276 1873 347 1914 esse
362 1853 528 1937 aequalem
544 1853 669 1935 dactylo
685 1875 779 1938 quem
795 1857 920 1938 probat.
939 1856 1007 1930 On,
1026 1863 1074 1932 57,
1094 1861 1161 1919 194.

316 1941 470 2025 Princeps
486 1942 643 2005 Isocrates
658 1944 836 2006 instituisse
856 1945 966 2020 fertur,
988 1955 1024 2008 ut
1042 1945 1237 2008 inconditam
1259 1947 1341 2009 anti-

276 2051 410 2113 quorum
431 2031 556 2094 dicendi
577 2033 839 2095 consuetudinem
860 2034 1081 2096 delectationis
1101 2044 1196 2118 atque
1217 2036 1340 2097 aurium

276 2141 382 2194 causa,
401 2142 495 2202 quem
511 2121 702 2183 admodum
718 2123 831 2186 scribit
850 2124 1031 2205 discipulus
1050 2127 1120 2185 eius
1139 2125 1338 2202 harmies,
1363 2139 1366 2150 '

274 2209 416 2271 numeris
427 2209 652 2294 adstringeret.
664 2210 712 2272 De
724 2211 791 2285 Or.,
805 2217 834 2285 3,
847 2217 896 2286 44,
911 2219 983 2287 173;
998 2212 1038 2274 cf.
1052 2212 1121 2288 Or.,
1134 2219 1182 2288 52,
1198 2219 1338 2278 174-176.

314 2298 419 2381 Atque
447 2298 563 2361 haec...
595 2300 706 2362 eadem
731 2321 750 2362 a
775 2299 999 2384 Theophrasto
1031 2301 1273 2385 Theodecteque
1302 2303 1340 2366 de
1422 2341 1425 2347 ·

274 2407 395 2470 paeane
411 2388 570 2451 dicuntur.
588 2389 657 2464 Or.,
675 2394 723 2462 57,
743 2393 810 2451 194.

320 2534 369 2599 De
386 2531 536 2598 numeris
552 2531 716 2599 orationis
733 2533 877 2614 solutae,
891 2535 998 2601 multa
1012 2544 1195 2624 praecepta
1211 2557 1231 2601 a
1246 2535 1339 2604 Cice·

276 2670 368 2728 rone,
391 2647 483 2713 nullo
505 2657 643 2714 auctore
666 2647 818 2731 laudato,
840 2650 1080 2739 proferuntur;
1109 2649 1278 2741 quaedam
1299 2671 1340 2717 ex

274 2761 316 2828 iis
337 2762 529 2852 praeceptis
555 2787 597 2830 ex
620 2766 793 2830 Isocrateo
818 2764 934 2832 schola
960 2766 1112 2855 prolecta
1139 2789 1216 2833 esse
1238 2766 1338 2833 valde

190 2887 192 2890 ’
273 2877 458 2944 verisimile
475 2887 546 2961 est;
565 2902 651 2970 quae
667 2889 782 2946 tamen
802 2880 859 2946 illa
880 2880 948 2948 sint
968 2890 1060 2948 certo
1081 2880 1160 2948 sciri
1181 2881 1298 2973 nequit
1314 2883 1336 2949 ¹.

428 3130 495 3208 54.
521 3169 565 3178 —
590 3131 702 3210 Quid
725 3132 950 3201 Aristoteli
975 3133 1184 3201 debuerit.

318 3323 515 3390 Aristotelis
540 3347 643 3413 opera
667 3324 837 3392 rhetorica
861 3325 940 3408 duo,
967 3325 1142 3394 Ciceronis
1171 3337 1335 3418 tempore,

273 3437 467 3521 exstabant,
494 3462 636 3529 quorum
666 3441 810 3507 alterum
839 3441 928 3530 quod
956 3449 1110 3532 συναγωγὴ
1132 3454 1241 3533 τεχνῶν
1266 3443 1337 3509 ins-

275 3552 420 3643 criptum
436 3564 521 3635 erat,
541 3555 754 3645 superiorum
769 3553 919 3622 omnium
930 3567 1022 3624 artes
1035 3558 1334 3647 complectebatur,

309 3772 334 3820 1.
351 3769 403 3820 Vir
417 3769 602 3821 doctissimus
614 3770 644 3821 C.
664 3771 798 3823 Hammer
810 3781 906 3823 censet
919 3771 1099 3840 (Demetrius,
1117 3770 1178 3846 περὶ
1194 3770 1337 3848 ἑρμηνείας

272 3867 300 3918 p.
317 3849 359 3910 45,
378 3868 405 3900 n.
424 3851 450 3914 1)
466 3849 499 3900 ad
516 3851 676 3902 Isocrateos
692 3851 871 3902 referendum
887 3869 951 3903 esse
966 3851 1019 3903 hoc
1034 3862 1217 3922 praeceptum
1235 3873 1240 3904 :
1262 3873 1273 3900 a
1290 3861 1337 3904 aut

272 3929 353 3998 paria
372 3947 436 3980 esse
456 3928 560 3980 debent
579 3931 741 3999 posteriora
761 3931 960 4001 superioribus
980 3941 1008 3984 et
1027 3942 1151 3984 extrema
1170 3933 1271 4002 primis
1290 3943 1337 3985 aut

272 4009 348 4078 quod
365 4009 478 4060 etiamst
496 4009 598 4061 melius
616 4019 643 4062 et
663 4011 823 4071 iucundius,
843 4011 982 4080 longiora.
1001 4033 1012 4060 »
1034 4013 1075 4064 De
1091 4013 1153 4071 Or..
1171 4014 1196 4073 3,
1214 4014 1256 4072 48,
1274 4013 1334 4064 186.

273 4089 356 4152 Quod
387 4088 456 4139 mihi
482 4089 578 4158 potius
601 4090 819 4159 peripateticum
842 4091 963 4142 videtur.
989 4091 1076 4143 Addit
1104 4093 1177 4144 enim
1203 4093 1305 4144 Cicero
1329 4111 1333 4142 :

274 4186 286 4215 u
304 4167 396 4238 Atque
411 4167 479 4220 haec
495 4168 609 4238 quidem
630 4168 664 4220 ah
684 4169 730 4220 his
746 4169 935 4245 philosophis,
954 4188 1026 4240 quos
1043 4181 1072 4223 tu
1090 4173 1208 4225 maxime
1226 4172 1333 4241 diligis,

272 4246 382 4308 Catule,
404 4247 572 4300 dictasunt.
595 4248 636 4300 De
656 4248 718 4309 Or.‚
741 4250 766 4310 3,
789 4250 831 4310 49,
858 4251 919 4301 187.
939 4250 982 4301 Ci.
1005 4251 1039 4302 de
1061 4251 1123 4312 Or.,
1146 4253 1171 4313 3,
1192 4252 1234 4312 47,
1256 4253 1307 4303 182
1329 4271 1334 4302 ι

274 4346 286 4375 u
302 4326 484 4387 Aristoteles,
502 4327 611 4388 Catule,
627 4337 723 4380 vester
739 4348 762 4380 r.
