3086 5040
242 467 297 545 §a
311 503 344 512 -
358 489 431 539 ouos
443 485 548 529 cronno
560 483 710 530 mucrones
724 481 892 538 ssouannos
905 477 974 529 'usse
987 488 1177 529 anurrnnrun
1214 459 1248 528 ti

180 621 418 690 commendare
433 646 501 689 non
517 621 650 689 destitit
664 623 688 687 ¹.
702 621 932 708 Quaestiones
947 645 1081 713 quoque
1096 621 1249 688 universi

181 736 318 828 generis
341 760 429 828 qnae
449 739 537 816 θέσεις
554 737 768 804 vocabantur
792 736 867 827 ipse
889 760 956 803 non
976 736 1075 804 modo
1094 738 1129 803 in
1151 736 1249 804 libris

181 852 222 920 de
240 854 387 922 Oratore
404 853 465 920 sed
486 853 589 920 etiam
608 851 643 919 in
662 852 910 943 posterioribus
930 851 1084 919 laudavit
1098 854 1131 934 ²3
1152 852 1186 919 in
1206 852 1249 919 iis

182 992 218 1036 se
240 969 394 1036 exercuit
408 972 421 1014 ³
436 992 564 1059 easque
576 967 665 1036 tanti
680 967 876 1035 aestimavit
890 978 928 1035 ut
943 967 1020 1034 inde
1037 991 1136 1035 suum
1150 968 1250 1036 insti-

179 1084 299 1151 tuendi
315 1108 427 1175 genus
443 1088 620 1176 θετικώτερον
631 1083 705 1174 ipse
722 1084 910 1174 appellaret
927 1111 934 1151 ε

220 1225 334 1289 Cicero
350 1236 424 1288 tuus
439 1237 612 1310 nosterque
628 1241 753 1288 summo
772 1225 878 1286 studio
899 1235 948 1288 est
967 1225 1087 1288 Paeoni
1106 1227 1155 1288 sui
1176 1228 1250 1288 rhe·
1355 1295 1358 1300 ¹

180 1316 271 1390 toris.
285 1315 436 1389 hominis,
449 1316 574 1400 opinor,
587 1315 679 1377 valde
695 1315 859 1378 exercitati
875 1324 907 1377 et
921 1315 1006 1377 boni.
1026 1315 1090 1378 Sed
1105 1326 1250 1377 nostrum

180 1404 367 1467 instituendi
390 1424 495 1488 genus
517 1424 588 1466 esse
610 1405 706 1487 paulo
731 1404 886 1466 eruditius
911 1413 942 1466 et
964 1413 1137 1490 θετικώτερον
1157 1414 1167 1448 ⁴
1187 1425 1250 1466 non

180 1493 323 1577 ignoras.
349 1493 457 1571 Quare
481 1513 585 1576 neque
610 1513 671 1576 ego
697 1492 845 1574 impediri
874 1491 1039 1554 Ciceronis
1067 1494 1128 1556 iter
1156 1504 1251 1576 atque

181 1582 267 1644 illam
283 1581 488 1666 disciplinam
503 1582 586 1656 volo,
604 1591 636 1644 et
651 1581 720 1664 ipse
735 1602 816 1664 puer
830 1583 935 1665 magis
951 1581 1004 1643 illo
1024 1582 1251 1644 declamatorio

180 1691 300 1755 genere
317 1669 389 1732 duci
405 1679 437 1733 et
451 1670 604 1732 delectari
619 1670 756 1733 videtur.
770 1670 804 1730 ln
816 1691 878 1753 quo
890 1671 1040 1752 quoniam
1052 1672 1113 1754 ipsi
1124 1692 1251 1754 qnoque

181 1759 310 1834 luimus,
332 1759 493 1843 patiamur
513 1759 603 1820 illum
623 1759 669 1820 ire
689 1759 808 1820 nostris
829 1760 1014 1835 itineribus3
1038 1759 1149 1822 eodem
1166 1762 1250 1822 enim

181 1858 410 1931 perventurum
426 1868 498 1910 esse
514 1847 715 1909 confidimus.
735 1848 798 1910 Sed
813 1856 931 1923 tamen,
950 1848 976 1910 si
991 1849 1158 1911 nobiscum
1178 1870 1251 1912 eum

182 1958 235 1999 rus
251 1937 358 2020 aliquo
375 1936 591 2010 eduxerimuS,
609 1937 640 1997 in
656 1936 738 1999 hanc
753 1947 896 1999 nostram
912 1938 1067 2000 rationem
1083 1947 1252 2000 consuetu-

181 2026 352 2109 dinemque
368 2026 567 2088 inducemus.
584 2025 634 2086 Ad
650 2026 760 2105 Quint,
778 2031 807 2101 3,
824 2032 853 2102 3,
871 2032 900 2088 4.

226 2170 339 2256 Quam
360 2168 536 2238 Ciceronis
558 2168 725 2236 rationem
745 2169 775 2236 si
795 2179 907 2236 mente
926 2179 1094 2250 tenemus,
1119 2169 1252 2237 intelle-

184 2285 297 2376 gimus
322 2285 429 2352 multa
459 2308 546 2376 quae
571 2285 615 2352 ab
640 2309 680 2353 eo
704 2284 747 2351 ad
771 2284 990 2352 insectandos
1015 2286 1169 2353 rhetores
1194 2297 1253 2354 aut

183 2401 286 2468 etiam
308 2399 351 2468 ad
370 2400 482 2491 ipsam
504 2400 709 2468 rhetoricam
728 2400 937 2469 irridendam
959 2401 1051 2469 dicta
1071 2401 1253 2470 videantur

183 2540 249 2584 non
276 2541 355 2584 esse
382 2516 449 2584 nisi
474 2526 592 2584 contra
621 2516 706 2583 artis
738 2516 925 2607 scriptores
955 2517 1161 2586 recentiores
1190 2541 1252 2607 pro

184 2633 335 2723 antiquis
351 2633 556 2723 conscripta.

229 2753 343 2818 Unum
367 2749 506 2816 tandem
529 2749 677 2816 sortasse
700 2759 860 2839 superest
881 2748 1067 2816 notandum
1089 2774 1095 2815 :
1121 2748 1151 2815 si
1175 2747 1251 2839 quis

184 2863 265 2931 velit
284 2887 402 2932 veram
423 2864 512 2931 Tulli
533 2863 568 2930 in
587 2863 685 2932 libris
706 2864 747 2930 de
769 2865 914 2933 Oratore
935 2864 1139 2931 sententiam
1155 2886 1252 2932 asse-

185 2979 241 3071 qui
264 2982 289 3064 5,
312 2979 562 3048 animadvertat
580 2979 844 3070 diligentissime
865 3002 951 3070 quos
972 2978 1093 3048 Cicero
1115 2978 1252 3069 singula

221 3222 244 3273 1.
261 3221 326 3282 Or.,
344 3221 388 3281 14,
405 3221 457 3277 46;
475 3221 557 3291 Top„
576 3222 601 3281 2,
619 3221 691 3279 7-20,
710 3221 752 3272 78.

219 3301 245 3351 2.
261 3301 354 3360 Brut.,
372 3300 415 3361 93,
431 3301 501 3359 322;
519 3299 581 3360 Or..
597 3301 640 3360 14,
657 3301 758 3358 45-46;
776 3300 818 3358 36,
838 3300 963 3351 125-126.
980 3298 1023 3350 Cf.
1039 3299 1145 3359 Moser,
1157 3301 1252 3351 Para-

186 3377 270 3438 dooea,
288 3381 437 3432 Excursus
452 3381 474 3439 1,
490 3400 518 3450 p.
534 3381 665 3434 324-327.

219 3461 244 3512 3.
266 3460 335 3521 Art,
353 3461 378 3520 9,
396 3461 421 3520 4,
441 3461 506 3519 1-3;
523 3461 548 3521 9,
566 3460 898 3529 9,1;Parad‚pr00em,
917 3460 948 3516 5;
966 3459 1084 3522 Quintil.
1105 3460 1146 3519 10,
1164 3460 1189 3520 5,
1208 3461 1251 3510 11.

186 3539 228 3591 Cf.
245 3539 326 3600 infra,
344 3559 372 3610 p.
389 3540 485 3591 92-93.

220 3619 245 3670 4.
268 3619 345 3671 Hanc
365 3637 461 3671 vocem
486 3637 570 3688 quam
592 3619 705 3689 'l'yrrell
728 3618 800 3686 (The
824 3617 1070 3692 correspondencc
1092 3618 1128 3686 of
1146 3618 1251 3678 Cicero,

186 3699 221 3760 ll,
242 3718 271 3769 p.
292 3700 356 3767 161)
376 3717 526 3770 perperam
547 3699 696 3760 intellexit,
720 3698 816 3751 Sihler
832 3698 995 3765 (American
1010 3697 1130 3750 Journal
1145 3697 1253 3765 osPlri-

186 3778 284 3850 lology,
312 3780 415 3839 XXIII,
441 3781 521 3839 1902,
547 3798 575 3849 p.
599 3780 741 3846 283-294).
765 3779 871 3848 optime
894 3779 1097 3848 interpretatus
1120 3787 1172 3830 est.
1195 3779 1253 3831 Nec

186 3867 277 3910 lamen
296 3859 409 3929 'l'yrrell
428 3860 457 3910 in
472 3859 561 3910 altera
576 3860 701 3911 editione
718 3857 777 3926 111²,
797 3877 824 3928 p.
842 3861 913 3925 187),
931 3876 1057 3910 errorem
1074 3875 1155 3909 suum
1171 3858 1253 3928 plane

186 3939 331 3991 correxit:
350 3940 470 3991 servavit
488 3939 560 3991 enim
581 3939 649 3991 haec
670 3939 784 3990 omnino
802 3939 874 3990 salsa
891 3958 896 3989 :
916 3959 928 3986 u
945 3957 960 3989 a
975 3938 1049 4008 style
1067 3937 1099 3989 of
1116 3937 1254 4007 speaking

187 4035 263 4072 more
286 4018 405 4088 adapted
430 4019 475 4071 lor
498 4038 513 4070 a
534 4019 622 4088 judge
647 4018 714 4071 than
735 4037 750 4070 a
771 4019 847 4089 jury,
874 4036 952 4070 more
975 4019 1130 4070 addressed
1155 4027 1183 4070 to
1206 4017 1253 4069 the

186 4115 287 4150 reason
303 4098 369 4150 than
385 4108 413 4150 to
430 4098 477 4152 the
493 4098 613 4168 feelings
631 4119 655 4149 ».

221 4179 246 4230 5.
268 4179 359 4242 Quam
390 4179 505 4231 difficile
537 4179 565 4229 id
598 4179 644 4239 sit,
678 4177 830 4230 ostendunt
860 4179 1073 4230 diversissimae
1105 4179 1252 4230 doctorum

187 4257 330 4309 hominum
343 4259 508 4310 sententiae.
521 4257 654 4311 Ceterum
669 4276 683 4310 e
697 4259 796 4310 Crassi
810 4269 838 4310 et
850 4258 953 4311 Antoni
966 4258 1156 4318 sermonibus,
1170 4258 1253 4309 Cice-

187 4337 265 4390 ronis
295 4337 387 4408 ipsius
414 4339 563 4409 opinione·
592 4339 636 4390 vix
660 4338 820 4409 quisquam,
848 4339 956 4391 ratione
979 4348 1006 4391 et
1028 4339 1071 4389 ria
1092 4338 1251 4409 exquirere,

1106 4460 1120 4503 3
