3086 5040
311 457 334 519 ’2
375 469 470 520 carna
485 480 505 519 1.
522 494 555 503 -
571 477 680 530 ouium
694 481 797 520 aaran
813 473 1003 522 anercatcan
1019 475 1051 522 m.
1068 475 1190 524 nunnius
1205 453 1327 524 recenti

231 635 239 652 ·
316 613 412 682 libris
440 613 633 705 explicavit.
660 614 782 682 Libros
806 615 848 682 de
875 616 1074 684 Inventione
1099 619 1109 662 ¹
1136 618 1279 685 refertos
1306 642 1384 686 esse

316 729 489 798 rhetorum
508 730 701 821 praeceptis
722 755 821 798 nemo
841 742 894 798 est
914 732 972 822 qui
992 756 1120 823 negare
1140 733 1272 823 possit;
1296 759 1384 825 quae

314 869 396 913 vero
411 857 533 936 postea
548 845 669 914 Cicero
685 846 825 937 scripsit
840 848 883 914 ab
898 846 1020 914 iisdem
1040 849 1233 940 praeceptis
1247 849 1384 917 minime

315 961 425 1028 aliena
446 972 537 1029 sunt.
566 964 604 1028 ln
630 965 736 1029 Bruto
760 973 877 1053 partes
903 962 987 1030 artis
1010 963 1199 1032 rhetoricae
1218 965 1384 1056 variaque

314 1078 488 1145 rhetorum
512 1077 614 1144 ellata
637 1101 704 1145 non
728 1078 834 1145 semel
859 1090 1124 1162 commemorat3
1151 1079 1253 1148 immo
1277 1081 1383 1148 inter-

313 1194 394 1261 dum
422 1193 515 1260 nulla
541 1193 608 1261 alia
637 1193 768 1261 ratione
799 1193 842 1260 ad
872 1194 1063 1262 laudandos
1092 1195 1383 1287 vituperandosve

313 1321 468 1379 oratores
486 1309 536 1377 uti
554 1309 691 1400 videtur
710 1309 777 1376 nisi
795 1321 834 1378 ut
853 1311 1010 1401 exquirat
1024 1311 1106 1402 quid
1122 1312 1156 1378 in
1171 1311 1380 1396 inventione,

219 1427 224 1437 '
313 1425 549 1516 dispositione,
577 1425 779 1508 elocutione,
804 1425 979 1510 memoria,
1002 1427 1134 1496 actione
1159 1427 1330 1496 valuerint
1355 1431 1379 1496 2.

313 1542 479 1632 Exempla
496 1565 605 1632 pauca
626 1541 765 1609 alteram
788 1566 795 1608 :
1384 1558 1386 1561 ·

352 1684 477 1764 Quibus
499 1684 584 1746 enim
608 1704 647 1745 ex
669 1686 813 1766 quinque
833 1684 929 1746 rebus
953 1693 1100 1747 constare
1122 1685 1247 1761 dicitur,
1270 1707 1380 1750 earum

310 1795 373 1835 una
388 1793 533 1856 quaeque
549 1781 665 1834 estare
680 1773 752 1856 ipsa
767 1793 886 1856 magna
900 1794 959 1856 per
973 1794 1056 1836 sese.
1073 1771 1176 1850 Brut,
1194 1780 1223 1850 6,
1241 1781 1290 1838 25.

351 1863 399 1924 Ex
418 1863 477 1924 hac
500 1861 599 1924 Rutili
619 1862 801 1924 narratione
821 1863 979 1944 suspicari
998 1863 1083 1938 licet,
1101 1884 1173 1925 cum
1189 1864 1275 1926 duae
1291 1885 1379 1927 sum-

310 1973 381 2014 mae
409 1951 529 2012 sintin
553 1960 680 2013 oratore
703 1951 826 2024 laudes,
854 1972 917 2013 una
944 1952 1105 2014 subtiliter
1128 1953 1314 2036 disputandi
1339 1954 1378 2015 ad

309 2041 501 2118 docendum,
528 2040 630 2101 altera
653 2040 795 2123 graviter
821 2040 938 2123 agendi
965 2041 1005 2102 ad
1029 2041 1154 2103 animos
1179 2041 1378 2105 audientium

305 2128 554 2212 permovendos,
586 2128 750 2211 multoque
778 2128 852 2211 plus
880 2129 1027 2211 proficiat
1061 2130 1088 2190 is
1117 2131 1170 2212 qui
1202 2131 1379 2195 inflammet

308 2219 444 2280 iudicem
460 2238 555 2300 quam
577 2217 630 2279 ille
649 2217 703 2300 qui
719 2217 842 2292 doceat,
860 2215 1055 2301 elegantiam
1075 2219 1108 2280 in
1128 2217 1248 2294 Laelio,
1265 2221 1330 2281 vim
1346 2222 1378 2282 in

308 2308 413 2370 Galba
424 2307 537 2368 ¹fuisse.
555 2306 658 2380 Brut,
676 2311 724 2379 23,
742 2311 792 2368 89.

348 2397 411 2460 Sed
428 2397 456 2458 ei
472 2404 579 2458 tamen
594 2416 692 2456 unum
708 2395 787 2456 illud
803 2395 974 2470 habebant,
992 2396 1118 2458 dicendi
1134 2419 1216 2481 opus
1232 2396 1375 2460 elabora-

305 2496 392 2561 tum;
414 2485 510 2568 idque
530 2505 602 2546 cum
623 2494 784 2547 constaret
803 2505 842 2546 ex
862 2487 1004 2567 quinque
1019 2486 1196 2548 notissimis
1216 2486 1372 2569 partibuS,

253 2641 255 2646 ,
307 2595 400 2637 nemo
421 2576 453 2635 in
472 2575 579 2656 aliqua
598 2583 689 2656 parte
709 2594 818 2635 earum
839 2574 968 2635 omnino
990 2574 1068 2636 nihil
1088 2585 1251 2657 poterat...
1268 2576 1375 2657 Repe-

306 2665 413 2725 riebat
426 2663 502 2746 quid
522 2663 585 2724 dici
605 2683 686 2745 opus
706 2672 792 2725 esset
812 2670 843 2724 et
863 2683 926 2744 qno
946 2663 1040 2724 modo
1060 2664 1246 2752 praeparari
1265 2674 1297 2726 et
1311 2685 1374 2748 quo

305 2753 375 2815 loco
392 2753 506 2831 locari,
524 2753 747 2834 memoriaque
762 2772 800 2813 ea
815 2751 1067 2834 comprendebat
1081 2751 1250 2827 Antonine,
1268 2754 1374 2815 excel-

304 2843 392 2905 lebat
414 2851 521 2904 autcm
543 2843 707 2902 actione...
720 2859 733 2916 ;
757 2848 789 2901 at
811 2839 921 2902 Crassi
943 2841 1049 2924 magis
1075 2842 1198 2903 nitebat
1219 2844 1325 2903 oratio
1349 2846 1371 2903 ³.

306 2931 372 2994 Nec
392 2951 468 2993 vero
494 2929 636 3012 Sulpicio
664 2950 766 3012 neque
793 2929 906 2992 Cottae
930 2929 1034 2990 dicere
1059 2950 1242 3012 possumus,
1270 2951 1373 3014 neque

305 3022 453 3104 cuiquam
469 3021 552 3080 bono
568 3017 698 3092 oratori,
717 3038 784 3080 rem
804 3019 902 3079 ullam
923 3038 962 3079 ex
982 3018 1045 3080 illis
1065 3021 1207 3101 quinque
1227 3020 1372 3103 partibus

304 3111 399 3192 plane
421 3119 516 3192 atque
537 3107 666 3169 omnino
690 3106 841 3169 defuisse.
865 3107 974 3190 ltaque
994 3108 1026 3168 in
1042 3106 1180 3170 Curione
1196 3109 1256 3169 hoc
1270 3107 1372 3170 veris-

305 3199 384 3260 sime
399 3197 532 3259 iudicari
546 3204 664 3281 potest,
682 3196 769 3257 nulla
784 3216 818 3258 re
833 3217 896 3258 una
913 3197 1017 3280 magis
1033 3205 1192 3258 oratorem
1212 3216 1371 3259 commen·

304 3288 374 3349 dari
389 3308 484 3370 quam
501 3287 672 3350 verborum
693 3285 863 3369 splendore
883 3295 915 3347 et
934 3286 1036 3368 copia.
1058 3285 1150 3360 Nam,
1168 3305 1240 3346 cum
1260 3285 1371 3347 tardus

303 3376 336 3437 in
356 3376 541 3459 cogitanda,
559 3384 626 3436 tum
647 3375 679 3435 in
699 3374 855 3435 struendo
871 3373 1046 3455 dissipatus
1061 3374 1130 3435 fuit.
1148 3374 1289 3455 Heliqua
1305 3373 1370 3435 duo

304 3474 388 3539 sunt,
403 3485 501 3549 agere
517 3474 548 3526 et
562 3465 747 3524 meminisse
753 3482 766 3539 ;
776 3463 808 3522 in
824 3473 959 3544 utroque
975 3463 1147 3524 cachinnos
1163 3462 1370 3524 inridentium

303 3553 533 3616 commovebat.
551 3552 721 3646 Brut.,59,
739 3556 865 3626 214-60,
883 3556 952 3612 216.

338 3779 362 3828 l.
381 3777 427 3828 Sic
443 3775 577 3836 arbitror,
590 3775 805 3846 perspicuitatis
817 3793 909 3836 causa,
924 3775 1018 3827 vocari
1029 3791 1116 3845 posse
1127 3792 1178 3826 eos
1192 3773 1285 3826 libros
1295 3793 1369 3844 quos

302 3874 357 3908 non
377 3874 449 3924 nego
469 3875 484 3908 a
504 3857 642 3908 Cicerone
663 3855 819 3925 inscriptos
839 3873 903 3906 esse
929 3855 1095 3908 rhetoricos.
1117 3854 1155 3906 Cf
1175 3875 1180 3905 :
1207 3854 1367 3915 Haellinck,

301 3938 339 3987 M.
360 3935 482 3988 Tullium
501 3936 661 3988 Ciceronem
677 3934 765 3987 libros
778 3932 814 3986 de
831 3934 986 3987 inventione
1003 3933 1185 4008 inscripsisse
1200 3933 1364 3987 rhetoricos.

305 4015 557 4068 Commentationes
575 4015 602 4067 in
618 4014 751 4067 honorem
769 4015 797 4064 G.
816 4012 1000 4074 Studemnnd,
1019 4034 1047 4084 p.
1062 4014 1193 4065 333-354.

336 4097 362 4146 2.
385 4096 411 4146 J.
435 4094 546 4146 Martha
566 4095 692 4164 (Brutus,
715 4091 919 4152 Introduction,
945 4113 973 4163 p.
1002 4094 1131 4160 xxi-xxm)
1154 4094 1182 4144 id
1205 4101 1282 4145 recte
1305 4093 1367 4144 ani-

301 4174 473 4232 madvertit3
498 4175 575 4225 nulla
604 4183 696 4225 tamen
725 4173 853 4242 exempla
883 4173 1013 4242 protulit.
1044 4173 1221 4225 Paucissima
1248 4172 1367 4241 collegit

301 4253 418 4313 Haenni,
435 4253 487 4306 Dic
500 4252 692 4307 litterarisclce
707 4251 800 4304 Kritil·
817 4252 844 4303 in
863 4251 972 4304 Ciceros
990 4255 1126 4306 «Brutus
1143 4274 1167 4314 n,
1185 4272 1213 4323 p.
1229 4253 1302 4304 9-11.

336 4333 362 4384 3.
379 4332 411 4382 Id
428 4342 471 4384 est
486 4330 615 4385 elocutio.
