<?xml version="1.0" encoding="UTF-8"?>
<!DOCTYPE html PUBLIC "-//W3C//DTD XHTML 1.0 Transitional//EN"
    "http://www.w3.org/TR/xhtml1/DTD/xhtml1-transitional.dtd">
<html xmlns="http://www.w3.org/1999/xhtml" xml:lang="en" lang="en">
 <head>
  <title>
</title>
<meta http-equiv="Content-Type" content="text/html;charset=utf-8" />
  <meta name='ocr-system' content='tesseract 3.04.00' />
  <meta name='ocr-capabilities' content='ocr_page ocr_carea ocr_par ocr_line ocrx_word'/>
</head>
<body>
  <div class='ocr_page' id='page_1' title='image "./demtulliciceron00laurgoog_0098.png"; bbox 0 0 3062 5050; ppageno 0'>
   <div class='ocr_carea' id='block_1_1' title="bbox 259 483 1244 556">
    <p class='ocr_par' dir='ltr' id='par_1_1' title="bbox 259 483 1244 556">
     <span class='ocr_line' id='line_1_1' title="bbox 259 483 1244 556; baseline -0.001 -15"><span class='ocrx_word' id='word_1_1' title='bbox 259 483 275 556; x_wconf 67' lang='grc' dir='ltr'><strong>ἓ</strong></span> <span class='ocrx_word' id='word_1_2' title='bbox 289 484 316 541; x_wconf 89' lang='grc'>6.</span> <span class='ocrx_word' id='word_1_3' title='bbox 334 515 366 524; x_wconf 98' lang='lat'>—</span> <span class='ocrx_word' id='word_1_4' title='bbox 382 501 451 550; x_wconf 88' lang='lat' dir='ltr'>oum</span> <span class='ocrx_word' id='word_1_5' title='bbox 466 500 602 541; x_wconf 81' lang='lat' dir='ltr'>connum</span> <span class='ocrx_word' id='word_1_6' title='bbox 618 501 694 540; x_wconf 83' lang='lat' dir='ltr'>nana</span> <span class='ocrx_word' id='word_1_7' title='bbox 709 501 827 542; x_wconf 83' lang='lat' dir='ltr'>oumuu</span> <span class='ocrx_word' id='word_1_8' title='bbox 843 500 1007 540; x_wconf 79' lang='lat' dir='ltr'>nocrmnan</span> <span class='ocrx_word' id='word_1_9' title='bbox 1022 500 1169 541; x_wconf 84' lang='lat' dir='ltr'>nnaunmr</span> <span class='ocrx_word' id='word_1_10' title='bbox 1212 484 1244 540; x_wconf 85' lang='lat'>71</span> 
     </span>
    </p>
   </div>
   <div class='ocr_carea' id='block_1_2' title="bbox 179 633 1253 3503">
    <p class='ocr_par' dir='ltr' id='par_1_2' title="bbox 179 633 1250 1976">
     <span class='ocr_line' id='line_1_2' title="bbox 224 633 1246 724; baseline -0.002 -23"><span class='ocrx_word' id='word_1_11' title='bbox 224 633 359 721; x_wconf 88' lang='lat' dir='ltr'>Quibus</span> <span class='ocrx_word' id='word_1_12' title='bbox 385 633 585 724; x_wconf 79' lang='lat' dir='ltr'>pervagatis</span> <span class='ocrx_word' id='word_1_13' title='bbox 611 634 713 701; x_wconf 88' lang='lat' dir='ltr'>rebus</span> <span class='ocrx_word' id='word_1_14' title='bbox 740 633 1031 701; x_wconf 80' lang='lat' dir='ltr'>adnumerandam</span> <span class='ocrx_word' id='word_1_15' title='bbox 1052 643 1134 724; x_wconf 94' lang='lat' dir='ltr'>puto</span> <span class='ocrx_word' id='word_1_16' title='bbox 1159 633 1246 701; x_wconf 91' lang='lat' dir='ltr'>divi-</span> 
     </span>
     <span class='ocr_line' id='line_1_3' title="bbox 183 748 1244 841; baseline -0.001 -24"><span class='ocrx_word' id='word_1_17' title='bbox 183 749 312 817; x_wconf 87' lang='lat' dir='ltr'>sionem</span> <span class='ocrx_word' id='word_1_18' title='bbox 340 750 434 817; x_wconf 93' lang='lat' dir='ltr'>illam</span> <span class='ocrx_word' id='word_1_19' title='bbox 463 749 709 817; x_wconf 91' lang='lat' dir='ltr'>sententiarum</span> <span class='ocrx_word' id='word_1_20' title='bbox 738 750 772 816; x_wconf 93' lang='lat' dir='ltr'>in</span> <span class='ocrx_word' id='word_1_21' title='bbox 800 749 907 841; x_wconf 90' lang='grc' dir='ltr'>κόμμα,</span> <span class='ocrx_word' id='word_1_22' title='bbox 937 752 1038 833; x_wconf 86' lang='grc' dir='ltr'>κῶλον,</span> <span class='ocrx_word' id='word_1_23' title='bbox 1066 748 1193 841; x_wconf 80' lang='grc' dir='ltr'>περίοδον</span> <span class='ocrx_word' id='word_1_24' title='bbox 1221 751 1244 816; x_wconf 84' lang='lat'>¹.</span> 
     </span>
     <span class='ocr_line' id='line_1_4' title="bbox 182 865 1246 957; baseline 0.001 -25"><span class='ocrx_word' id='word_1_25' title='bbox 182 866 267 952; x_wconf 90' lang='lat' dir='ltr'>Quis</span> <span class='ocrx_word' id='word_1_26' title='bbox 276 866 677 957; x_wconf 87' lang='lat' dir='ltr'>camprimusprotulerit</span> <span class='ocrx_word' id='word_1_27' title='bbox 686 865 853 933; x_wconf 89' lang='lat' dir='ltr'>incertum</span> <span class='ocrx_word' id='word_1_28' title='bbox 862 875 926 932; x_wconf 87' lang='lat' dir='ltr'>est.</span> <span class='ocrx_word' id='word_1_29' title='bbox 939 868 1024 933; x_wconf 88' lang='lat' dir='ltr'>Eam</span> <span class='ocrx_word' id='word_1_30' title='bbox 1037 865 1246 933; x_wconf 87' lang='lat' dir='ltr'>Fritzschius</span> 
     </span>
     <span class='ocr_line' id='line_1_5' title="bbox 180 981 1247 1078; baseline -0.001 -30"><span class='ocrx_word' id='word_1_31' title='bbox 180 1005 359 1078; x_wconf 80' lang='lat' dir='ltr'>perperam</span> <span class='ocrx_word' id='word_1_32' title='bbox 384 982 641 1072; x_wconf 79' lang='lat' dir='ltr'>Thrasymacho</span> <span class='ocrx_word' id='word_1_33' title='bbox 665 982 814 1049; x_wconf 89' lang='lat' dir='ltr'>tribuere</span> <span class='ocrx_word' id='word_1_34' title='bbox 840 992 982 1049; x_wconf 92' lang='lat' dir='ltr'>conatus</span> <span class='ocrx_word' id='word_1_35' title='bbox 1005 992 1058 1049; x_wconf 92' lang='lat' dir='ltr'>est</span> <span class='ocrx_word' id='word_1_36' title='bbox 1079 983 1092 1025; x_wconf 57' lang='grc' dir='ltr'>ό</span> <span class='ocrx_word' id='word_1_37' title='bbox 1113 1005 1188 1048; x_wconf 92' lang='lat' dir='ltr'>cum</span> <span class='ocrx_word' id='word_1_38' title='bbox 1212 981 1247 1047; x_wconf 95' lang='lat' dir='ltr'>in</span> 
     </span>
     <span class='ocr_line' id='line_1_6' title="bbox 182 1096 1247 1190; baseline 0.001 -26"><span class='ocrx_word' id='word_1_39' title='bbox 182 1097 397 1165; x_wconf 91' lang='lat' dir='ltr'>notissimum</span> <span class='ocrx_word' id='word_1_40' title='bbox 427 1097 552 1165; x_wconf 90' lang='lat' dir='ltr'>Suidae</span> <span class='ocrx_word' id='word_1_41' title='bbox 581 1099 691 1164; x_wconf 91' lang='lat' dir='ltr'>locum</span> <span class='ocrx_word' id='word_1_42' title='bbox 721 1098 935 1190; x_wconf 76' lang='grc' dir='ltr'>Θρασύμαχος·</span> <span class='ocrx_word' id='word_1_43' title='bbox 961 1096 1195 1189; x_wconf 74' lang='grc' dir='ltr'>Καλχηδόνιος...</span> <span class='ocrx_word' id='word_1_44' title='bbox 1219 1097 1247 1176; x_wconf 88' lang='grc' dir='ltr'>ός</span> 
     </span>
     <span class='ocr_line' id='line_1_7' title="bbox 180 1211 1248 1305; baseline 0 -24"><span class='ocrx_word' id='word_1_45' title='bbox 180 1225 291 1305; x_wconf 79' lang='grc' dir='ltr'>πρῶτος</span> <span class='ocrx_word' id='word_1_46' title='bbox 316 1211 442 1305; x_wconf 78' lang='grc' dir='ltr'>περίοδον</span> <span class='ocrx_word' id='word_1_47' title='bbox 467 1219 516 1280; x_wconf 79' lang='grc' dir='ltr'>καὶ</span> <span class='ocrx_word' id='word_1_48' title='bbox 543 1217 634 1281; x_wconf 82' lang='grc' dir='ltr'>κῶλον</span> <span class='ocrx_word' id='word_1_49' title='bbox 660 1212 809 1294; x_wconf 79' lang='grc' dir='ltr'>κατέδειξε,</span> <span class='ocrx_word' id='word_1_50' title='bbox 838 1214 1012 1281; x_wconf 82' lang='lat' dir='ltr'>intrudere</span> <span class='ocrx_word' id='word_1_51' title='bbox 1035 1214 1143 1281; x_wconf 86' lang='lat' dir='ltr'>voluit</span> <span class='ocrx_word' id='word_1_52' title='bbox 1167 1239 1173 1280; x_wconf 74' lang='grc' dir='ltr'>ζ</span> <span class='ocrx_word' id='word_1_53' title='bbox 1200 1220 1248 1281; x_wconf 83' lang='grc' dir='ltr'>καὶ</span> 
     </span>
     <span class='ocr_line' id='line_1_8' title="bbox 179 1328 1249 1421; baseline -0.001 -23"><span class='ocrx_word' id='word_1_54' title='bbox 179 1329 286 1421; x_wconf 84' lang='grc' dir='ltr'>κόμμα.</span> <span class='ocrx_word' id='word_1_55' title='bbox 309 1328 408 1415; x_wconf 91' lang='lat' dir='ltr'>Quod</span> <span class='ocrx_word' id='word_1_56' title='bbox 432 1353 452 1395; x_wconf 91' lang='lat' dir='ltr'>a</span> <span class='ocrx_word' id='word_1_57' title='bbox 477 1329 608 1396; x_wconf 89' lang='lat' dir='ltr'>ratione</span> <span class='ocrx_word' id='word_1_58' title='bbox 630 1329 721 1396; x_wconf 89' lang='lat' dir='ltr'>illius</span> <span class='ocrx_word' id='word_1_59' title='bbox 744 1329 908 1420; x_wconf 93' lang='lat' dir='ltr'>temporis</span> <span class='ocrx_word' id='word_1_60' title='bbox 931 1329 1093 1397; x_wconf 87' lang='lat' dir='ltr'>abhorret</span> <span class='ocrx_word' id='word_1_61' title='bbox 1120 1356 1126 1397; x_wconf 95' lang='lat'><strong>:</strong></span> <span class='ocrx_word' id='word_1_62' title='bbox 1152 1329 1249 1421; x_wconf 81' lang='grc' dir='ltr'>κόμμα</span> 
     </span>
     <span class='ocr_line' id='line_1_9' title="bbox 181 1444 1246 1536; baseline -0.001 -24"><span class='ocrx_word' id='word_1_63' title='bbox 181 1445 270 1512; x_wconf 91' lang='lat' dir='ltr'>enim</span> <span class='ocrx_word' id='word_1_64' title='bbox 292 1468 333 1511; x_wconf 89' lang='lat' dir='ltr'>ne</span> <span class='ocrx_word' id='word_1_65' title='bbox 359 1444 448 1535; x_wconf 94' lang='lat' dir='ltr'>apud</span> <span class='ocrx_word' id='word_1_66' title='bbox 473 1444 695 1513; x_wconf 80' lang='lat' dir='ltr'>Aristotelem</span> <span class='ocrx_word' id='word_1_67' title='bbox 719 1446 856 1536; x_wconf 93' lang='lat' dir='ltr'>quidem</span> <span class='ocrx_word' id='word_1_68' title='bbox 875 1445 916 1512; x_wconf 90' lang='lat' dir='ltr'>dc</span> <span class='ocrx_word' id='word_1_69' title='bbox 936 1445 1056 1513; x_wconf 91' lang='lat' dir='ltr'>incisis</span> <span class='ocrx_word' id='word_1_70' title='bbox 1079 1445 1203 1512; x_wconf 91' lang='lat' dir='ltr'>dicitur</span> <span class='ocrx_word' id='word_1_71' title='bbox 1222 1449 1246 1511; x_wconf 80' lang='lat'>3.</span> 
     </span>
     <span class='ocr_line' id='line_1_10' title="bbox 182 1559 1246 1652; baseline 0.001 -25"><span class='ocrx_word' id='word_1_72' title='bbox 182 1560 324 1627; x_wconf 91' lang='lat' dir='ltr'>Partitio</span> <span class='ocrx_word' id='word_1_73' title='bbox 339 1559 423 1627; x_wconf 89' lang='lat' dir='ltr'>haec</span> <span class='ocrx_word' id='word_1_74' title='bbox 439 1560 480 1627; x_wconf 92' lang='lat' dir='ltr'>de</span> <span class='ocrx_word' id='word_1_75' title='bbox 496 1584 563 1651; x_wconf 92' lang='lat' dir='ltr'>qua</span> <span class='ocrx_word' id='word_1_76' title='bbox 579 1561 735 1638; x_wconf 78' lang='lat' dir='ltr'>dicimus,</span> <span class='ocrx_word' id='word_1_77' title='bbox 758 1571 837 1652; x_wconf 92' lang='lat' dir='ltr'>post</span> <span class='ocrx_word' id='word_1_78' title='bbox 853 1561 1074 1629; x_wconf 85' lang='lat' dir='ltr'>Aristotelem</span> <span class='ocrx_word' id='word_1_79' title='bbox 1093 1561 1246 1640; x_wconf 87' lang='lat' dir='ltr'>inventa,</span> 
     </span>
     <span class='ocr_line' id='line_1_11' title="bbox 181 1676 1249 1769; baseline 0.001 -27"><span class='ocrx_word' id='word_1_80' title='bbox 181 1676 215 1744; x_wconf 94' lang='lat' dir='ltr'>in</span> <span class='ocrx_word' id='word_1_81' title='bbox 230 1677 357 1743; x_wconf 93' lang='lat' dir='ltr'>multas</span> <span class='ocrx_word' id='word_1_82' title='bbox 373 1677 509 1744; x_wconf 91' lang='lat' dir='ltr'>scholas</span> <span class='ocrx_word' id='word_1_83' title='bbox 524 1688 716 1768; x_wconf 77' lang='lat' dir='ltr'>propagata</span> <span class='ocrx_word' id='word_1_84' title='bbox 732 1688 785 1744; x_wconf 93' lang='lat' dir='ltr'>est</span> <span class='ocrx_word' id='word_1_85' title='bbox 804 1687 842 1744; x_wconf 93' lang='lat' dir='ltr'>ut</span> <span class='ocrx_word' id='word_1_86' title='bbox 860 1677 935 1768; x_wconf 93' lang='lat' dir='ltr'>ipse</span> <span class='ocrx_word' id='word_1_87' title='bbox 956 1686 1104 1745; x_wconf 90' lang='lat' dir='ltr'>testatur</span> <span class='ocrx_word' id='word_1_88' title='bbox 1120 1677 1249 1769; x_wconf 89' lang='lat' dir='ltr'>Diony-</span> 
     </span>
     <span class='ocr_line' id='line_1_12' title="bbox 183 1791 1250 1874; baseline 0.002 -17"><span class='ocrx_word' id='word_1_89' title='bbox 183 1791 255 1858; x_wconf 93' lang='lat' dir='ltr'>sius</span> <span class='ocrx_word' id='word_1_90' title='bbox 266 1793 295 1874; x_wconf 79' lang='grc'>4;</span> <span class='ocrx_word' id='word_1_91' title='bbox 309 1791 398 1858; x_wconf 93' lang='lat' dir='ltr'>idem</span> <span class='ocrx_word' id='word_1_92' title='bbox 412 1793 596 1859; x_wconf 90' lang='lat' dir='ltr'>ostendunt</span> <span class='ocrx_word' id='word_1_93' title='bbox 609 1792 796 1860; x_wconf 88' lang='lat' dir='ltr'>Philodami</span> <span class='ocrx_word' id='word_1_94' title='bbox 810 1793 1005 1860; x_wconf 75' lang='lat' dir='ltr'>volumina5</span> <span class='ocrx_word' id='word_1_95' title='bbox 1020 1802 1054 1859; x_wconf 91' lang='lat' dir='ltr'>et</span> <span class='ocrx_word' id='word_1_96' title='bbox 1070 1791 1250 1860; x_wconf 82' lang='lat' dir='ltr'>Rhetorica</span> 
     </span>
     <span class='ocr_line' id='line_1_13' title="bbox 183 1907 493 1976; baseline -0.003 -1"><span class='ocrx_word' id='word_1_97' title='bbox 183 1908 225 1975; x_wconf 88' lang='lat' dir='ltr'>ad</span> <span class='ocrx_word' id='word_1_98' title='bbox 247 1907 455 1976; x_wconf 86' lang='lat' dir='ltr'>Herennium</span> <span class='ocrx_word' id='word_1_99' title='bbox 470 1909 493 1974; x_wconf 80' lang='lat'>⁶.</span> 
     </span>
    </p>

    <p class='ocr_par' dir='ltr' id='par_1_3' title="bbox 182 2023 1253 3503">
     <span class='ocr_line' id='line_1_14' title="bbox 226 2023 1250 2115; baseline 0.001 -25"><span class='ocrx_word' id='word_1_100' title='bbox 226 2025 337 2090; x_wconf 91' lang='lat' dir='ltr'>Multa</span> <span class='ocrx_word' id='word_1_101' title='bbox 352 2023 459 2114; x_wconf 88' lang='lat' dir='ltr'>igitur</span> <span class='ocrx_word' id='word_1_102' title='bbox 474 2023 720 2092; x_wconf 89' lang='lat' dir='ltr'>recentioribus</span> <span class='ocrx_word' id='word_1_103' title='bbox 738 2025 859 2093; x_wconf 92' lang='lat' dir='ltr'>Cicero</span> <span class='ocrx_word' id='word_1_104' title='bbox 879 2024 1008 2106; x_wconf 84' lang='lat' dir='ltr'>debuit,</span> <span class='ocrx_word' id='word_1_105' title='bbox 1030 2025 1128 2115; x_wconf 91' lang='lat' dir='ltr'>plura</span> <span class='ocrx_word' id='word_1_106' title='bbox 1148 2024 1250 2091; x_wconf 92' lang='lat' dir='ltr'>etiam</span> 
     </span>
     <span class='ocr_line' id='line_1_15' title="bbox 183 2139 1251 2231; baseline 0 -25"><span class='ocrx_word' id='word_1_107' title='bbox 183 2163 285 2230; x_wconf 92' lang='lat' dir='ltr'>quam</span> <span class='ocrx_word' id='word_1_108' title='bbox 318 2165 334 2201; x_wconf 91' lang='lat'>«</span> <span class='ocrx_word' id='word_1_109' title='bbox 365 2139 515 2230; x_wconf 90' lang='lat' dir='ltr'>antiquis</span> <span class='ocrx_word' id='word_1_110' title='bbox 546 2167 577 2206; x_wconf 82' lang='grc' dir='ltr'>ν.</span> <span class='ocrx_word' id='word_1_111' title='bbox 608 2144 684 2208; x_wconf 94' lang='lat' dir='ltr'>Non</span> <span class='ocrx_word' id='word_1_112' title='bbox 714 2140 813 2207; x_wconf 91' lang='lat' dir='ltr'>modo</span> <span class='ocrx_word' id='word_1_113' title='bbox 843 2164 863 2207; x_wconf 92' lang='lat' dir='ltr'>a</span> <span class='ocrx_word' id='word_1_114' title='bbox 892 2139 1096 2231; x_wconf 91' lang='lat' dir='ltr'>quibusdam</span> <span class='ocrx_word' id='word_1_115' title='bbox 1118 2139 1251 2207; x_wconf 91' lang='lat' dir='ltr'>Latinis</span> 
     </span>
     <span class='ocr_line' id='line_1_16' title="bbox 186 2254 1251 2346; baseline 0.001 -25"><span class='ocrx_word' id='word_1_116' title='bbox 186 2254 411 2346; x_wconf 90' lang='lat' dir='ltr'>scriptoribus</span> <span class='ocrx_word' id='word_1_117' title='bbox 428 2257 581 2346; x_wconf 86' lang='lat' dir='ltr'>exempla</span> <span class='ocrx_word' id='word_1_118' title='bbox 598 2267 773 2323; x_wconf 91' lang='lat' dir='ltr'>mutuatus</span> <span class='ocrx_word' id='word_1_119' title='bbox 794 2266 847 2322; x_wconf 91' lang='lat' dir='ltr'>est</span> <span class='ocrx_word' id='word_1_120' title='bbox 866 2256 1064 2323; x_wconf 80' lang='lat' dir='ltr'>facetiarum</span> <span class='ocrx_word' id='word_1_121' title='bbox 1082 2257 1137 2323; x_wconf 90' lang='lat' dir='ltr'>vel</span> <span class='ocrx_word' id='word_1_122' title='bbox 1158 2256 1251 2324; x_wconf 91' lang='lat' dir='ltr'>Lati-</span> 
     </span>
     <span class='ocr_line' id='line_1_17' title="bbox 182 2371 1250 2462; baseline 0.003 -25"><span class='ocrx_word' id='word_1_123' title='bbox 182 2395 302 2438; x_wconf 93' lang='lat' dir='ltr'>norum</span> <span class='ocrx_word' id='word_1_124' title='bbox 321 2371 517 2453; x_wconf 88' lang='lat' dir='ltr'>verborum,</span> <span class='ocrx_word' id='word_1_125' title='bbox 541 2372 601 2439; x_wconf 93' lang='lat' dir='ltr'>sed</span> <span class='ocrx_word' id='word_1_126' title='bbox 622 2371 664 2438; x_wconf 92' lang='lat' dir='ltr'>ab</span> <span class='ocrx_word' id='word_1_127' title='bbox 685 2371 886 2462; x_wconf 84' lang='lat' dir='ltr'>aequalibus</span> <span class='ocrx_word' id='word_1_128' title='bbox 908 2371 980 2438; x_wconf 92' lang='lat' dir='ltr'>suis</span> <span class='ocrx_word' id='word_1_129' title='bbox 1001 2382 1034 2438; x_wconf 90' lang='lat' dir='ltr'>et</span> <span class='ocrx_word' id='word_1_130' title='bbox 1055 2372 1200 2441; x_wconf 91' lang='lat' dir='ltr'>Graecis</span> <span class='ocrx_word' id='word_1_131' title='bbox 1217 2383 1250 2440; x_wconf 91' lang='lat' dir='ltr'>et</span> 
     </span>
     <span class='ocr_line' id='line_1_18' title="bbox 184 2486 1251 2578; baseline -0.001 -23"><span class='ocrx_word' id='word_1_132' title='bbox 184 2486 316 2555; x_wconf 88' lang='lat' dir='ltr'>Latinis</span> <span class='ocrx_word' id='word_1_133' title='bbox 332 2488 438 2554; x_wconf 92' lang='lat' dir='ltr'>multa</span> <span class='ocrx_word' id='word_1_134' title='bbox 453 2487 587 2555; x_wconf 92' lang='lat' dir='ltr'>dicendi</span> <span class='ocrx_word' id='word_1_135' title='bbox 602 2498 785 2578; x_wconf 88' lang='lat' dir='ltr'>praecepta</span> <span class='ocrx_word' id='word_1_136' title='bbox 802 2487 960 2578; x_wconf 91' lang='lat' dir='ltr'>sumpsit,</span> <span class='ocrx_word' id='word_1_137' title='bbox 980 2487 1045 2555; x_wconf 91' lang='lat' dir='ltr'>alia</span> <span class='ocrx_word' id='word_1_138' title='bbox 1061 2488 1251 2556; x_wconf 93' lang='lat' dir='ltr'>communia</span> 
     </span>
     <span class='ocr_line' id='line_1_19' title="bbox 183 2602 1251 2694; baseline 0.002 -26"><span class='ocrx_word' id='word_1_139' title='bbox 183 2602 344 2682; x_wconf 90' lang='lat' dir='ltr'>omnium,</span> <span class='ocrx_word' id='word_1_140' title='bbox 376 2603 442 2670; x_wconf 92' lang='lat' dir='ltr'>alia</span> <span class='ocrx_word' id='word_1_141' title='bbox 468 2604 606 2694; x_wconf 89' lang='lat' dir='ltr'>propria</span> <span class='ocrx_word' id='word_1_142' title='bbox 632 2604 846 2694; x_wconf 83' lang='lat' dir='ltr'>singularum</span> <span class='ocrx_word' id='word_1_143' title='bbox 871 2604 1076 2671; x_wconf 90' lang='lat' dir='ltr'>scholarum.</span> <span class='ocrx_word' id='word_1_144' title='bbox 1103 2603 1251 2670; x_wconf 86' lang='lat' dir='ltr'>Maxime</span> 
     </span>
     <span class='ocr_line' id='line_1_20' title="bbox 182 2717 1251 2810; baseline 0.004 -27"><span class='ocrx_word' id='word_1_145' title='bbox 182 2741 264 2784; x_wconf 87' lang='lat' dir='ltr'>vero</span> <span class='ocrx_word' id='word_1_146' title='bbox 288 2717 402 2808; x_wconf 91' lang='lat' dir='ltr'>ipsum</span> <span class='ocrx_word' id='word_1_147' title='bbox 425 2719 508 2786; x_wconf 93' lang='lat' dir='ltr'>illud</span> <span class='ocrx_word' id='word_1_148' title='bbox 539 2747 555 2782; x_wconf 92' lang='lat'>«</span> <span class='ocrx_word' id='word_1_149' title='bbox 582 2720 798 2810; x_wconf 92' lang='lat' dir='ltr'>antiquorum</span> <span class='ocrx_word' id='word_1_150' title='bbox 824 2747 840 2784; x_wconf 85' lang='grc' dir='ltr'>ν</span> <span class='ocrx_word' id='word_1_151' title='bbox 872 2719 1022 2786; x_wconf 92' lang='lat' dir='ltr'>studium</span> <span class='ocrx_word' id='word_1_152' title='bbox 1048 2719 1185 2786; x_wconf 90' lang='lat' dir='ltr'>videtur</span> <span class='ocrx_word' id='word_1_153' title='bbox 1208 2720 1251 2787; x_wconf 91' lang='lat' dir='ltr'>ab</span> 
     </span>
     <span class='ocr_line' id='line_1_21' title="bbox 184 2832 1252 2924; baseline -0.001 -24"><span class='ocrx_word' id='word_1_154' title='bbox 184 2832 411 2914; x_wconf 82' lang='lat' dir='ltr'>Academicis,</span> <span class='ocrx_word' id='word_1_155' title='bbox 436 2833 636 2923; x_wconf 89' lang='lat' dir='ltr'>aequalibus</span> <span class='ocrx_word' id='word_1_156' title='bbox 665 2832 750 2914; x_wconf 88' lang='lat' dir='ltr'>suis,</span> <span class='ocrx_word' id='word_1_157' title='bbox 775 2833 962 2922; x_wconf 89' lang='lat' dir='ltr'>accepisse.</span> <span class='ocrx_word' id='word_1_158' title='bbox 988 2833 1089 2924; x_wconf 83' lang='lat' dir='ltr'>Legit</span> <span class='ocrx_word' id='word_1_159' title='bbox 1116 2833 1252 2923; x_wconf 93' lang='lat' dir='ltr'>quidem</span> 
     </span>
     <span class='ocr_line' id='line_1_22' title="bbox 184 2948 1251 3040; baseline 0 -25"><span class='ocrx_word' id='word_1_160' title='bbox 184 2949 355 3039; x_wconf 91' lang='lat' dir='ltr'>antiquos,</span> <span class='ocrx_word' id='word_1_161' title='bbox 378 2949 463 3040; x_wconf 83' lang='lat' dir='ltr'>legit</span> <span class='ocrx_word' id='word_1_162' title='bbox 486 2950 674 3031; x_wconf 86' lang='lat' dir='ltr'>Platonem,</span> <span class='ocrx_word' id='word_1_163' title='bbox 700 2952 899 3032; x_wconf 89' lang='lat' dir='ltr'>Isocratem,</span> <span class='ocrx_word' id='word_1_164' title='bbox 923 2948 1168 3031; x_wconf 80' lang='lat' dir='ltr'>Aristotelem3</span> <span class='ocrx_word' id='word_1_165' title='bbox 1191 2949 1251 3015; x_wconf 95' lang='lat' dir='ltr'>sed</span> 
     </span>
     <span class='ocr_line' id='line_1_23' title="bbox 184 3063 1251 3156; baseline -0.003 -23"><span class='ocrx_word' id='word_1_166' title='bbox 184 3066 277 3134; x_wconf 85' lang='lat' dir='ltr'>exiis</span> <span class='ocrx_word' id='word_1_167' title='bbox 293 3090 332 3133; x_wconf 89' lang='lat' dir='ltr'>ea</span> <span class='ocrx_word' id='word_1_168' title='bbox 349 3065 494 3132; x_wconf 85' lang='lat' dir='ltr'>maxime</span> <span class='ocrx_word' id='word_1_169' title='bbox 508 3065 622 3132; x_wconf 89' lang='lat' dir='ltr'>hausit</span> <span class='ocrx_word' id='word_1_170' title='bbox 638 3088 725 3156; x_wconf 90' lang='lat' dir='ltr'>quae</span> <span class='ocrx_word' id='word_1_171' title='bbox 741 3089 817 3131; x_wconf 92' lang='lat' dir='ltr'>cum</span> <span class='ocrx_word' id='word_1_172' title='bbox 832 3064 1058 3131; x_wconf 90' lang='lat' dir='ltr'>recentiorum</span> <span class='ocrx_word' id='word_1_173' title='bbox 1074 3063 1251 3132; x_wconf 89' lang='lat' dir='ltr'>Academi·</span> 
     </span>
     <span class='ocr_line' id='line_1_24' title="bbox 185 3180 1252 3272; baseline -0.003 -23"><span class='ocrx_word' id='word_1_174' title='bbox 185 3205 299 3250; x_wconf 91' lang='lat' dir='ltr'>corum</span> <span class='ocrx_word' id='word_1_175' title='bbox 319 3181 475 3250; x_wconf 91' lang='lat' dir='ltr'>doctrina</span> <span class='ocrx_word' id='word_1_176' title='bbox 495 3181 664 3249; x_wconf 89' lang='lat' dir='ltr'>rhetorica</span> <span class='ocrx_word' id='word_1_177' title='bbox 686 3181 923 3272; x_wconf 87' lang='lat' dir='ltr'>congruebant</span> <span class='ocrx_word' id='word_1_178' title='bbox 941 3207 948 3264; x_wconf 88' lang='grc'>;</span> <span class='ocrx_word' id='word_1_179' title='bbox 974 3181 1016 3247; x_wconf 93' lang='lat' dir='ltr'>ab</span> <span class='ocrx_word' id='word_1_180' title='bbox 1036 3180 1252 3249; x_wconf 88' lang='lat' dir='ltr'>Academicis</span> 
     </span>
     <span class='ocr_line' id='line_1_25' title="bbox 189 3295 1253 3387; baseline -0.006 -21"><span class='ocrx_word' id='word_1_181' title='bbox 189 3299 344 3381; x_wconf 88' lang='lat' dir='ltr'>edoctus,</span> <span class='ocrx_word' id='word_1_182' title='bbox 370 3297 492 3364; x_wconf 91' lang='lat' dir='ltr'>melius</span> <span class='ocrx_word' id='word_1_183' title='bbox 515 3320 554 3363; x_wconf 93' lang='lat' dir='ltr'>ea</span> <span class='ocrx_word' id='word_1_184' title='bbox 579 3297 722 3387; x_wconf 90' lang='lat' dir='ltr'>quaein</span> <span class='ocrx_word' id='word_1_185' title='bbox 747 3296 902 3364; x_wconf 92' lang='lat' dir='ltr'>Phaedro</span> <span class='ocrx_word' id='word_1_186' title='bbox 928 3296 1079 3363; x_wconf 86' lang='lat' dir='ltr'>Platonis</span> <span class='ocrx_word' id='word_1_187' title='bbox 1103 3295 1253 3363; x_wconf 91' lang='lat' dir='ltr'>contine-</span> 
     </span>
     <span class='ocr_line' id='line_1_26' title="bbox 183 3412 1252 3503; baseline -0.004 -21"><span class='ocrx_word' id='word_1_188' title='bbox 183 3415 308 3482; x_wconf 91' lang='lat' dir='ltr'>bantur</span> <span class='ocrx_word' id='word_1_189' title='bbox 327 3413 493 3482; x_wconf 84' lang='lat' dir='ltr'>intellexit</span> <span class='ocrx_word' id='word_1_190' title='bbox 513 3439 519 3480; x_wconf 93' lang='lat'>:</span> <span class='ocrx_word' id='word_1_191' title='bbox 543 3413 616 3480; x_wconf 93' lang='lat' dir='ltr'>sine</span> <span class='ocrx_word' id='word_1_192' title='bbox 636 3412 851 3503; x_wconf 91' lang='lat' dir='ltr'>philosophia</span> <span class='ocrx_word' id='word_1_193' title='bbox 873 3413 1061 3503; x_wconf 86' lang='lat' dir='ltr'>perlectum</span> <span class='ocrx_word' id='word_1_194' title='bbox 1081 3422 1252 3478; x_wconf 92' lang='lat' dir='ltr'>oratorem</span> 
     </span>
    </p>
   </div>
   <div class='ocr_carea' id='block_1_3' title="bbox 185 3637 1253 4268">
    <p class='ocr_par' dir='ltr' id='par_1_4' title="bbox 220 3637 1065 3700">
     <span class='ocr_line' id='line_1_27' title="bbox 220 3637 1065 3700; baseline -0.005 -10"><span class='ocrx_word' id='word_1_195' title='bbox 220 3641 244 3690; x_wconf 90' lang='grc'>1.</span> <span class='ocrx_word' id='word_1_196' title='bbox 262 3639 324 3700; x_wconf 91' lang='lat' dir='ltr'>Or.,</span> <span class='ocrx_word' id='word_1_197' title='bbox 341 3639 384 3699; x_wconf 90' lang='lat'>66,</span> <span class='ocrx_word' id='word_1_198' title='bbox 403 3639 470 3696; x_wconf 82' lang='lat'>223;</span> <span class='ocrx_word' id='word_1_199' title='bbox 487 3639 531 3698; x_wconf 80' lang='lat'>62,</span> <span class='ocrx_word' id='word_1_200' title='bbox 549 3639 615 3696; x_wconf 75' lang='lat'><strong>2113</strong></span> <span class='ocrx_word' id='word_1_201' title='bbox 633 3639 677 3696; x_wconf 83' lang='lat'>61,</span> <span class='ocrx_word' id='word_1_202' title='bbox 695 3638 765 3696; x_wconf 81' lang='lat'><strong>204;</strong></span> <span class='ocrx_word' id='word_1_203' title='bbox 783 3637 818 3688; x_wconf 86' lang='lat' dir='ltr'>cl.</span> <span class='ocrx_word' id='word_1_204' title='bbox 833 3637 925 3697; x_wconf 80' lang='lat' dir='ltr'>Brut,</span> <span class='ocrx_word' id='word_1_205' title='bbox 944 3637 986 3696; x_wconf 88' lang='lat'>44,</span> <span class='ocrx_word' id='word_1_206' title='bbox 1004 3637 1065 3688; x_wconf 80' lang='lat'>162.</span> 
     </span>
    </p>

    <p class='ocr_par' dir='ltr' id='par_1_5' title="bbox 219 3717 823 3787">
     <span class='ocr_line' id='line_1_28' title="bbox 219 3717 823 3787; baseline -0.007 -16"><span class='ocrx_word' id='word_1_207' title='bbox 219 3721 244 3770; x_wconf 85' lang='lat'>2.</span> <span class='ocrx_word' id='word_1_208' title='bbox 261 3722 302 3771; x_wconf 88' lang='lat' dir='ltr'>Dc</span> <span class='ocrx_word' id='word_1_209' title='bbox 317 3717 441 3770; x_wconf 77' lang='lat' dir='ltr'>nitmeris</span> <span class='ocrx_word' id='word_1_210' title='bbox 457 3717 597 3770; x_wconf 84' lang='lat' dir='ltr'>orationis</span> <span class='ocrx_word' id='word_1_211' title='bbox 612 3717 734 3775; x_wconf 82' lang='lat' dir='ltr'>solutae,</span> <span class='ocrx_word' id='word_1_212' title='bbox 751 3737 779 3787; x_wconf 91' lang='lat' dir='ltr'>p.</span> <span class='ocrx_word' id='word_1_213' title='bbox 799 3719 823 3768; x_wconf 89' lang='grc'>7.</span> 
     </span>
    </p>

    <p class='ocr_par' dir='ltr' id='par_1_6' title="bbox 185 3795 1250 3939">
     <span class='ocr_line' id='line_1_29' title="bbox 219 3795 1250 3872; baseline -0.004 -21"><span class='ocrx_word' id='word_1_214' title='bbox 219 3800 244 3851; x_wconf 91' lang='grc'>3.</span> <span class='ocrx_word' id='word_1_215' title='bbox 263 3797 393 3872; x_wconf 78' lang='grc' dir='ltr'>Περίοδον</span> <span class='ocrx_word' id='word_1_216' title='bbox 414 3808 442 3850; x_wconf 89' lang='lat' dir='ltr'>et</span> <span class='ocrx_word' id='word_1_217' title='bbox 465 3797 566 3859; x_wconf 78' lang='grc' dir='ltr'>κῶλον,</span> <span class='ocrx_word' id='word_1_218' title='bbox 593 3816 648 3850; x_wconf 91' lang='lat' dir='ltr'>non</span> <span class='ocrx_word' id='word_1_219' title='bbox 671 3816 738 3850; x_wconf 87' lang='lat' dir='ltr'>vero</span> <span class='ocrx_word' id='word_1_220' title='bbox 761 3795 865 3868; x_wconf 85' lang='grc' dir='ltr'>κόμμα,</span> <span class='ocrx_word' id='word_1_221' title='bbox 893 3797 1044 3867; x_wconf 86' lang='lat' dir='ltr'>distinguit</span> <span class='ocrx_word' id='word_1_222' title='bbox 1068 3796 1250 3848; x_wconf 86' lang='lat' dir='ltr'>Aristoteles.</span> 
     </span>
     <span class='ocr_line' id='line_1_30' title="bbox 185 3878 409 3939; baseline -0.004 -9"><span class='ocrx_word' id='word_1_223' title='bbox 185 3878 279 3938; x_wconf 80' lang='lat' dir='ltr'>Rhet,</span> <span class='ocrx_word' id='word_1_224' title='bbox 297 3880 322 3939; x_wconf 88' lang='grc'>3,</span> <span class='ocrx_word' id='word_1_225' title='bbox 340 3880 366 3937; x_wconf 83' lang='grc'><strong>9,</strong></span> <span class='ocrx_word' id='word_1_226' title='bbox 384 3880 409 3930; x_wconf 92' lang='grc'>5.</span> 
     </span>
    </p>

    <p class='ocr_par' dir='ltr' id='par_1_7' title="bbox 185 3957 1251 4112">
     <span class='ocr_line' id='line_1_31' title="bbox 219 3957 1251 4027; baseline 0 -19"><span class='ocrx_word' id='word_1_227' title='bbox 219 3959 244 4010; x_wconf 85' lang='grc'>4.</span> <span class='ocrx_word' id='word_1_228' title='bbox 261 3959 303 4010; x_wconf 88' lang='lat' dir='ltr'>De</span> <span class='ocrx_word' id='word_1_229' title='bbox 323 3958 422 4018; x_wconf 82' lang='lat' dir='ltr'>Thuc,</span> <span class='ocrx_word' id='word_1_230' title='bbox 445 3959 496 4016; x_wconf 83' lang='lat'>22;</span> <span class='ocrx_word' id='word_1_231' title='bbox 524 3957 568 4010; x_wconf 89' lang='lat' dir='ltr'>ed.</span> <span class='ocrx_word' id='word_1_232' title='bbox 592 3957 939 4019; x_wconf 87' lang='lat' dir='ltr'>Usener-Radermacher,</span> <span class='ocrx_word' id='word_1_233' title='bbox 967 3959 988 4018; x_wconf 90' lang='grc'><strong>1,</strong></span> <span class='ocrx_word' id='word_1_234' title='bbox 1015 3977 1042 4027; x_wconf 88' lang='lat' dir='ltr'>p.</span> <span class='ocrx_word' id='word_1_235' title='bbox 1066 3958 1127 4018; x_wconf 89' lang='lat'><strong>358,</strong></span> <span class='ocrx_word' id='word_1_236' title='bbox 1149 3957 1251 4016; x_wconf 87' lang='grc'><strong>15-16;</strong></span> 
     </span>
     <span class='ocr_line' id='line_1_32' title="bbox 185 4033 780 4112; baseline -0.003 -22"><span class='ocrx_word' id='word_1_237' title='bbox 185 4039 217 4090; x_wconf 90' lang='lat' dir='ltr'>cf.</span> <span class='ocrx_word' id='word_1_238' title='bbox 236 4039 297 4098; x_wconf 88' lang='grc'><strong>358,</strong></span> <span class='ocrx_word' id='word_1_239' title='bbox 316 4039 366 4096; x_wconf 81' lang='grc' dir='ltr'>22ς</span> <span class='ocrx_word' id='word_1_240' title='bbox 384 4033 491 4112; x_wconf 64' lang='grc' dir='ltr'>εἴρηται</span> <span class='ocrx_word' id='word_1_241' title='bbox 506 4036 625 4098; x_wconf 83' lang='grc' dir='ltr'>πολλοῖς</span> <span class='ocrx_word' id='word_1_242' title='bbox 639 4035 780 4112; x_wconf 80' lang='grc' dir='ltr'>πρότερον.</span> 
     </span>
    </p>

    <p class='ocr_par' dir='ltr' id='par_1_8' title="bbox 185 4117 1253 4268">
     <span class='ocr_line' id='line_1_33' title="bbox 220 4117 1253 4189; baseline -0.003 -18"><span class='ocrx_word' id='word_1_243' title='bbox 220 4120 245 4171; x_wconf 89' lang='lat'>5.</span> <span class='ocrx_word' id='word_1_244' title='bbox 268 4119 289 4178; x_wconf 94' lang='lat' dir='ltr'>l,</span> <span class='ocrx_word' id='word_1_245' title='bbox 309 4138 337 4189; x_wconf 88' lang='lat' dir='ltr'>p.</span> <span class='ocrx_word' id='word_1_246' title='bbox 359 4120 420 4180; x_wconf 91' lang='grc'><strong>164,</strong></span> <span class='ocrx_word' id='word_1_247' title='bbox 442 4119 554 4178; x_wconf 82' lang='grc'><strong>23-165,</strong></span> <span class='ocrx_word' id='word_1_248' title='bbox 577 4120 619 4178; x_wconf 82' lang='grc'><strong>25,</strong></span> <span class='ocrx_word' id='word_1_249' title='bbox 643 4118 784 4169; x_wconf 86' lang='lat' dir='ltr'>Sudhaus.</span> <span class='ocrx_word' id='word_1_250' title='bbox 807 4119 863 4182; x_wconf 92' lang='lat' dir='ltr'>Qui</span> <span class='ocrx_word' id='word_1_251' title='bbox 883 4119 964 4170; x_wconf 86' lang='lat' dir='ltr'>locus</span> <span class='ocrx_word' id='word_1_252' title='bbox 984 4118 1129 4170; x_wconf 90' lang='lat' dir='ltr'>addendus</span> <span class='ocrx_word' id='word_1_253' title='bbox 1151 4126 1194 4169; x_wconf 87' lang='lat' dir='ltr'>est</span> <span class='ocrx_word' id='word_1_254' title='bbox 1216 4117 1253 4169; x_wconf 92' lang='lat' dir='ltr'>iis</span> 
     </span>
     <span class='ocr_line' id='line_1_34' title="bbox 185 4196 1253 4268; baseline 0 -18"><span class='ocrx_word' id='word_1_255' title='bbox 185 4215 257 4268; x_wconf 87' lang='lat' dir='ltr'>quos</span> <span class='ocrx_word' id='word_1_256' title='bbox 273 4199 485 4250; x_wconf 88' lang='lat' dir='ltr'>accuratissime</span> <span class='ocrx_word' id='word_1_257' title='bbox 501 4199 618 4268; x_wconf 86' lang='lat' dir='ltr'>collegit</span> <span class='ocrx_word' id='word_1_258' title='bbox 634 4198 671 4249; x_wconf 94' lang='lat' dir='ltr'>du</span> <span class='ocrx_word' id='word_1_259' title='bbox 687 4198 790 4250; x_wconf 89' lang='lat' dir='ltr'>Mesnil</span> <span class='ocrx_word' id='word_1_260' title='bbox 807 4199 835 4248; x_wconf 92' lang='lat' dir='ltr'>in</span> <span class='ocrx_word' id='word_1_261' title='bbox 850 4197 969 4250; x_wconf 88' lang='lat' dir='ltr'>libello:</span> <span class='ocrx_word' id='word_1_262' title='bbox 991 4197 1081 4251; x_wconf 81' lang='lat' dir='ltr'>Ueber</span> <span class='ocrx_word' id='word_1_263' title='bbox 1095 4196 1143 4250; x_wconf 85' lang='lat' dir='ltr'>die</span> <span class='ocrx_word' id='word_1_264' title='bbox 1158 4196 1253 4250; x_wconf 84' lang='lat' dir='ltr'>rheto-</span> 
     </span>
    </p>
   </div>
   <div class='ocr_carea' id='block_1_4' title="bbox 185 4275 922 4419">
    <p class='ocr_par' dir='ltr' id='par_1_9' title="bbox 185 4275 922 4419">
     <span class='ocr_line' id='line_1_35' title="bbox 185 4275 922 4346; baseline -0.003 -16"><span class='ocrx_word' id='word_1_265' title='bbox 185 4277 298 4330; x_wconf 85' lang='lat' dir='ltr'>rischen</span> <span class='ocrx_word' id='word_1_266' title='bbox 312 4279 514 4346; x_wconf 80' lang='lat' dir='ltr'>Konstsormen</span> <span class='ocrx_word' id='word_1_267' title='bbox 528 4280 656 4336; x_wconf 86' lang='lat' dir='ltr'>Komma,</span> <span class='ocrx_word' id='word_1_268' title='bbox 673 4277 772 4338; x_wconf 84' lang='lat' dir='ltr'>Kalon,</span> <span class='ocrx_word' id='word_1_269' title='bbox 791 4275 922 4331; x_wconf 81' lang='lat' dir='ltr'>Perinde.</span> 
     </span>
     <span class='ocr_line' id='line_1_36' title="bbox 220 4358 463 4419; baseline 0.004 -11"><span class='ocrx_word' id='word_1_270' title='bbox 220 4358 246 4408; x_wconf 90' lang='lat'>6.</span> <span class='ocrx_word' id='word_1_271' title='bbox 265 4358 290 4418; x_wconf 93' lang='lat'>4,</span> <span class='ocrx_word' id='word_1_272' title='bbox 308 4358 351 4419; x_wconf 85' lang='grc'><strong>19,</strong></span> <span class='ocrx_word' id='word_1_273' title='bbox 369 4359 463 4410; x_wconf 82' lang='lat'>26-27.</span> 
     </span>
    </p>
   </div>
   <div class='ocr_carea' id='block_1_5' title="bbox 0 0 1543 5050">
    <p class='ocr_par' dir='ltr' id='par_1_10' title="bbox 0 0 1543 5050">
     <span class='ocr_line' id='line_1_37' title="bbox 0 0 1543 5050; baseline 0 0"><span class='ocrx_word' id='word_1_274' title='bbox 0 0 1543 5050; x_wconf 95' lang='lat' dir='ltr'> </span> 
     </span>
    </p>
   </div>
  </div>
 </body>
</html>
