3086 5040
474 496 490 570 ξ
510 499 535 555 1.
558 529 590 538 -
611 515 680 564 oum
699 514 824 555 rnarour
843 514 990 556 3333333
1231 495 1266 553 23

193 647 311 723 tendis,
342 647 393 710 vel
421 648 461 709 ab
490 647 578 710 hisce
607 647 722 710 iisdem
750 648 1004 730 permotionibus
1033 647 1072 709 ad
1100 647 1265 710 lenitatem

194 736 511 819 misericordiamque
550 737 776 798 revocandis?
807 737 908 815 Quae,
946 736 1007 798 nisi
1044 736 1098 818 qui
1134 746 1265 798 naturas

194 826 359 887 hominum
374 825 503 908 vimque
518 846 646 887 omnem
661 826 869 887 humanitatis
881 846 1058 908 causasque
1070 846 1135 900 333,
1149 827 1265 909 quihus

194 925 318 976 mentes
334 922 389 976 aut
404 915 577 976 incitantur
592 924 647 975 aut
662 915 878 988 reflectuntur,
901 915 1030 997 penitus
1052 915 1262 998 perspexerit,

194 1003 330 1066 dicendo
350 1003 435 1085 quod
455 1004 540 1065 volet
555 1003 708 1086 perficere
723 1023 786 1064 non
801 1003 929 1086 poterit.
948 1002 996 1065 De
1012 1003 1081 1077 Or.‚
1102 1010 1128 1077 1,
1149 1009 1195 1078 12,
1214 1009 1263 1066 53.

235 1093 364 1171 Quaero
389 1093 511 1154 enim...
538 1113 615 1153 num
640 1092 802 1154 admoveri
827 1093 930 1174 possit
954 1092 1056 1153 oratio
1081 1092 1121 1154 ad
1150 1113 1264 1154 sensus

193 1182 374 1243 animorum
395 1189 492 1264 atque
512 1191 618 1242 motus
637 1181 688 1242 vel
708 1181 953 1242 inflammandos
974 1180 1025 1242 vel
1047 1181 1142 1243 etiam
1165 1182 1263 1243 extin-

194 1271 351 1354 guendos‚
374 1271 459 1353 quod
479 1292 578 1331 unum
599 1271 630 1330 in
650 1280 777 1332 oratore
793 1270 985 1342 dominatur,
1003 1270 1072 1331 sine
1088 1270 1264 1354 diligentis-

194 1379 287 1420 sume
311 1360 584 1443 pervestigatione
609 1380 718 1421 earum
743 1359 885 1420 omnium
915 1360 1084 1433 rationum,
1116 1380 1197 1442 quae
1225 1360 1265 1422 de

193 1447 317 1509 naturis
341 1448 473 1510 humani
498 1449 627 1532 generis
651 1469 688 1510 ac
717 1449 860 1510 moribus
889 1471 907 1510 a
936 1448 1137 1531 philosophis
1166 1449 1265 1531 expli-

193 1546 316 1598 cantur.
335 1536 652 1614 1)303.,1,14,60;
671 1537 711 1599 31.
731 1544 757 1610 1,
776 1544 804 1613 5,
824 1544 878 1612 17;
898 1543 1060 1613 1,19,87;
1080 1538 1148 1612 On,
1166 1543 1194 1612 4,
1215 1545 1262 1600 15.

239 1679 369 1746 Eadem
385 1680 495 1747 suerat
512 1681 663 1748 Platonis
679 1681 713 1746 in
729 1680 884 1748 Phaedro
897 1682 905 1725 ¹
919 1680 1106 1760 333133113;
1119 1681 1264 1771 ideoque

194 1797 237 1863 ab
255 1818 295 1862 eo
311 1795 525 1886 philosophia
542 1795 607 1862 arti
624 1797 813 1864 rhetoricae
830 1797 1026 1864 necessaria
1041 1796 1132 1864 dicta
1149 1799 1261 1863 33311.

239 1912 395 1979 Perfecto
411 1911 538 1979 oratori
553 1911 741 2003 ingenium,
760 1922 880 1996 artem,
894 1912 1170 1980 exercitationem
1185 1937 1263 1980 esse

191 2027 402 2110 necessaria,
433 2027 563 2118 primus
592 2031 616 2109 3,
648 2039 685 2095 ut
712 2028 860 2109 videtur,
893 2029 989 2095 Plato
1013 2029 1047 2095 in
1073 2028 1265 2096 Phaedro4

192 2143 404 2225 observavit,
428 2144 518 2234 quod
539 2153 572 2210 et
591 2144 707 2210 multis
728 2144 806 2211 aliis
827 2155 860 2211 et
881 2144 1037 2212 Ciceroni
1056 2144 1184 2234 placuit
1206 2145 1263 2236 qui

191 2258 293 2326 huius
308 2259 488 2327 divisionis
504 2284 571 2326 non
587 2260 686 2327 modo
701 2260 735 2326 in
751 2259 847 2327 libris
863 2259 1022 2328 oratoriis
1039 2261 1191 2328 meminit
1202 2262 1262 2328 sed

194 2375 297 2442 etiam
313 2375 347 2442 in
363 2375 528 2442 orationis
543 2399 605 2466 pro
618 2376 745 2442 Archia
760 2376 945 2466 principio:

235 2527 268 2588 Si
288 2526 365 2610 quid
385 2536 434 2589 est
454 2527 486 2587 in
507 2547 557 2588 me
577 2529 709 2609 ingenii,
732 2527 864 2602 iudices,
887 2529 971 2610 quod
992 2529 1095 2590 sentio
1110 2550 1205 2611 quam
1222 2530 1264 2590 sit

193 2616 358 2699 exiguum,
385 2624 440 2676 aut
466 2615 491 2676 si
517 2636 579 2698 qua
604 2619 795 2678 exercitatio
820 2617 960 2691 dicendi,
984 2617 1016 2677 in
1040 2638 1103 2699 qua
1127 2638 1262 2678 menon

116 2721 124 2732 ·
194 2705 313 2766 infitior
333 2704 538 2766 mediocriter
557 2725 628 2766 esse
648 2715 821 2780 versatum,
844 2715 899 2766 aut
919 2706 945 2767 si
964 2706 1096 2767 huiusce
1117 2707 1162 2767 rei
1177 2708 1261 2768 ratic

195 2794 339 2876 aliqua...
357 2792 453 2855 Arch.
473 2799 499 2867 1,
519 2795 572 2854 15.

238 2935 305 3003 Sed
321 2958 398 3003 cum
413 2936 497 3003 haec
513 2936 627 3004 omnia
643 2936 764 3006 Cicero
785 2961 852 3004 non
873 2939 983 3005 solum
1002 2962 1022 3004 a
1042 2939 1183 3006 Platone
1202 2940 1262 3007 sed

228 3171 252 3220 1.
274 3168 391 3228 Phaed.‚
413 3188 442 3238 p.
464 3170 525 3228 271,
547 3168 580 3219 Α.
600 3169 644 3220 Cl.
667 3170 778 3230 Benoit,
796 3169 1261 3247 Ε33311131331333333133333-

193 3249 276 3301 miere
293 3249 421 3302 inanuels
437 3248 608 3301 d'invcntion
624 3249 750 3303 oratoire
760 3251 880 3323 jusqu’d
895 3250 1029 3310 Aristote,
1048 3271 1076 3321 p.
1093 3253 1188 3304 59-60.

227 3331 252 3383 2,
274 3329 390 3388 phaed,
403 3348 430 3398 p.
444 3331 505 3388 261,
519 3329 551 3380 A.
565 3330 608 3381 cf.
623 3330 789 3390 Stallbaum,
802 3329 962 3388 Phaedrus,
976 3331 1097 3403 proleg„
1111 3351 1139 3402 p.
1153 3351 1259 3384 xxxx1v.

227 3410 252 3460 3.
274 3409 318 3460 Cf.
337 3409 469 3478 Spengel,
488 3410 632 3462 Isokratcs
650 3409 708 3462 und
724 3410 836 3470 Platon,
860 3410 1090 3480 Alrhundlungen
1110 3411 1162 3464 der
1181 3413 1260 3466 1531-

191 3488 265 3558 glich
282 3488 462 3560 bayerliclten
477 3488 632 3542 Academie
647 3489 699 3542 der
719 3489 967 3558 Wissenschastcn,
983 3492 1045 3552 vll,
1062 3493 1139 3553 1855,
1155 3512 1182 3562 p.
1199 3495 1259 3546 745.

228 3649 252 3699 5.
274 3648 318 3699 Cf.
334 3668 338 3698 :
356 3647 447 3719 Atque
464 3649 492 3698 in
507 3666 540 3700 eo
556 3667 611 3700 333
627 3650 719 3701 solum
737 3649 879 3720 ingenium
897 3651 1009 3703 elucere
1030 3652 1091 3704 eius
1108 3653 1259 3715 videbatis,

192 3728 266 3797 quod
286 3745 380 3797 saepe,
396 3729 480 3780 etiam
499 3728 523 3779 si
544 3729 683 3781 industria
703 3748 758 3782 333
778 3731 872 3790 311133,
890 3731 963 3782 valet
982 3741 1075 3784 tamen
1090 3733 1183 3802 ipsum
1200 3735 1260 3786 3313

192 3806 310 3866 virihuS,
335 3808 385 3859 sed
406 3809 529 3860 inerat...
554 3809 628 3860 33113
651 3818 678 3860 31
701 3809 780 3862 13313
803 3809 914 3862 3311133
938 3811 1070 3863 instituta
1093 3820 1121 3864 et
1142 3831 1211 3865 cura
1234 3824 1261 3866 ct

191 3886 298 3956 vigiliis
309 3887 464 3939 elaborata.
477 3887 555 3948 Cael,
569 3890 612 3956 19,
626 3889 668 3941 45.
683 3890 737 3942 Sed
750 3889 818 3942 haec
832 3908 902 3959 quae
917 3893 1118 3944 333133313313
1132 3894 1258 3962 propria,

192 3984 263 4036 quae
282 3967 351 4018 mihi
370 3985 426 4019 non
444 3977 564 4037 propter
585 3968 727 4037 ingenium
747 3987 840 4022 meum
861 3971 910 4022 sed
929 3980 1049 4040 propter
1064 3972 1133 4024 hanc
1150 3973 1260 4025 exerci-

193 4045 328 4098 tationem
351 4065 490 4118 usumque
514 4048 626 4099 dicendi
651 4049 772 4100 fructum
798 4051 921 4120 aliquem
949 4050 1023 4103 13333
1051 4053 1256 4122 potuissent...

192 4123 327 4186 (133122,
345 4127 387 4177 54.
399 4159 435 4166 -
448 4127 651 4179 Exercitationi
667 4129 726 4180 1333
740 4131 833 4180 omnia
849 4139 962 4200 accepta
978 4131 1065 4183 refert
1081 4151 1144 4183 cum
1160 4151 1261 4184 33333

194 4223 206 4252 3
231 4205 447 4258 declamatorem
474 4227 486 4256 n
514 4208 563 4259 sed
591 4227 603 4256 3
630 4207 738 4260 laboris
764 4220 791 4261 et
815 4210 870 4261 1331
897 4211 1071 4280 discipulum
1097 4233 1109 4261 n
1135 4213 1260 4265 nominat

192 4284 306 4350 (Plane,
324 4286 366 4346 34,
384 4287 437 4355 83).
454 4287 508 4339 Sed
525 4287 593 4339 haec
609 4306 704 4340 coram
720 4289 843 4341 indoctis
857 4290 1017 4350 iudicibus,
1033 4293 1179 4344 exordium
1193 4311 1259 4347 vero

193 4363 264 4415 illud
280 4382 374 4417 coram
390 4365 603 4420 humanissimis
619 4367 787 4422 habebatur.
