3062 5050
292 476 343 534 100
396 492 490 534 carnr
502 495 530 534 v.
546 507 576 516 -
591 493 744 544 curremus
759 493 861 534 cronno
877 492 1062 534 scurnnrmu
1078 492 1248 534 unravnnrr

292 639 427 696 oratore
442 627 619 718 indignam
634 626 810 712 iudicavit,
833 627 900 696 alia
918 627 1031 718 topica
1046 651 1088 694 ex
1107 627 1244 718 quibus,
1261 637 1299 694 ut
1314 650 1357 694 ex

291 743 489 813 Aristotelis
510 743 633 835 topicis
653 744 763 812 omnis
788 745 831 811 ad
851 767 985 812 omnem
1009 767 1148 812 causam
1168 741 1356 835 disputatio

291 870 495 944 sumeretur,
516 859 722 951 anteposuit.
741 862 829 930 Cum
845 861 935 927 enim
955 859 1144 928 orationem
1159 882 1261 950 quam
1277 882 1355 925 sae-

290 976 430 1067 pissime
460 976 503 1043 ad
534 999 745 1044 communem
772 975 923 1044 universi
953 975 1090 1067 generis
1119 974 1356 1067 quaestionem

290 1092 534 1160 traducendam
567 1103 715 1183 putaret,
746 1093 830 1160 locis
864 1093 907 1160 ad
941 1091 1098 1160 delinitas
1133 1089 1355 1183 quaestiones

290 1207 555 1276 accommodatis
571 1219 750 1276 contentus
766 1232 843 1276 esse
860 1232 927 1276 non
943 1217 1087 1298 poterat.

335 1323 402 1392 Sed
418 1324 459 1391 de
475 1323 528 1392 his
548 1323 616 1392 iam
631 1335 710 1393 ante
726 1325 978 1416 disputavimus
995 1326 1019 1392 ¹.

327 1582 340 1655 5
364 1576 396 1640 5.
422 1615 466 1624 —
491 1577 729 1645 Rhetorica
753 1578 806 1645 de
831 1577 1078 1645 elocutione
1104 1576 1314 1644 doctrina.

335 1771 385 1834 De
414 1769 602 1836 elocutione
632 1767 714 1835 nihil
744 1768 865 1837 Cicero
894 1768 1097 1836 adulescens
1126 1765 1352 1858 conscripsit3

288 1884 549 1974 paucissima-in
570 1884 828 1966 Partitionibus,
850 1886 948 1975 plura
968 1885 1002 1951 in
1022 1885 1122 1952 tertio
1145 1883 1186 1951 de
1206 1885 1353 1952 Oratore

289 2023 329 2066 ac
348 1999 552 2090 praesertim
566 2000 600 2066 in
616 2001 781 2074 Oratore:
800 2001 861 2067 sed
876 2010 990 2067 tamen
1005 2000 1039 2066 in
1054 1999 1107 2066 his
1124 1998 1256 2066 duobus
1272 2021 1354 2088 ope-

289 2115 384 2182 ribus
404 2140 471 2184 non
493 2127 563 2184 tam
584 2118 668 2184 artis
688 2127 872 2209 praecepto
894 2117 988 2184 dedit
1009 2139 1111 2206 quam
1133 2115 1174 2183 de
1199 2115 1353 2183 oratione

290 2231 489 2322 disputavit.
517 2232 723 2301 Discrimina
743 2232 850 2324 igitur
870 2256 937 2300 non
958 2234 1064 2300 multa
1086 2232 1236 2299 notanda
1258 2241 1350 2298 sunt.
1422 2291 1425 2296 .

333 2347 544 2416 Divisionem
567 2348 766 2416 elocutionis
788 2372 807 2416 a
827 2348 1020 2416 rhetoribus
1039 2347 1194 2415 adhiberi
1217 2347 1353 2415 solitam

287 2464 321 2530 in
340 2464 437 2531 libris
457 2465 498 2531 de
519 2466 664 2533 Oratore
683 2464 875 2555 usurpavit,
898 2488 974 2532 cum
999 2462 1137 2555 scripsit
1163 2491 1179 2527 «
1205 2462 1353 2549 Quinam

290 2607 306 2643 «
327 2580 434 2670 igitur
453 2579 585 2648 dicendi
608 2591 661 2648 est
680 2581 801 2648 modus
817 2580 976 2647 melior...
994 2603 1096 2671 quam
1112 2589 1150 2646 ut
1165 2578 1298 2661 Latine,
1315 2588 1353 2645 ut

290 2723 306 2759 (ι
329 2697 441 2786 plane,
453 2706 491 2763 ut
506 2706 637 2778 ornate,
652 2706 690 2763 ut
705 2696 748 2763 ad
763 2695 797 2762 id
812 2718 1024 2787 quocumque
1040 2705 1163 2785 agetur
1179 2704 1256 2785 apte
1272 2717 1353 2762 con-

289 2839 306 2873 «
328 2822 555 2903 gruenterque
578 2811 731 2879 dicamus
753 2813 766 2856 2
789 2839 819 2878 ».
842 2812 939 2898 Quae
959 2810 1079 2877 deinde
1100 2809 1289 2901 disputavit
1308 2809 1352 2876 ad

287 2927 345 2994 illa
360 2938 520 3019 quattuor
534 2927 665 2994 rettulit
679 2930 703 2992 3.
722 2930 840 3018 Longe
856 2927 955 2994 aliter
969 2927 1004 2994 in
1020 2928 1165 2995 Oratore
1179 2951 1186 2993 :
1200 2926 1247 2993 ibi
1262 2925 1353 2993 enim

286 3043 345 3109 vix
367 3042 467 3110 huius
492 3042 760 3134 quadripertitae
784 3042 976 3132 partitionis
1000 3042 1188 3134 vestigium
1213 3040 1352 3132 aliquod

287 3159 455 3249 reperitur
469 3159 493 3225 ⁴.

332 3274 475 3341 Lumina
489 3273 653 3341 orationis
669 3298 756 3366 quae
772 3274 861 3365 apud
877 3274 962 3341 artis
983 3273 1167 3364 scriptores
1187 3295 1350 3364 magnum

286 3391 396 3458 locum
412 3391 575 3457 tenebant
589 3392 613 3473 ⁵,
631 3391 665 3457 in
681 3401 825 3481 utroque
841 3414 942 3481 opere
964 3390 1175 3457 enumeravit
1190 3391 1221 3472 6;
1239 3388 1299 3456 sed
1316 3388 1351 3455 in

287 3507 432 3575 Oratore
452 3506 603 3587 brevius,
623 3507 695 3574 sive
711 3506 777 3574 alio
793 3507 885 3574 sonte
900 3530 984 3573 usus
1003 3516 1068 3590 est,
1089 3505 1162 3573 sive
1182 3505 1351 3596 quaedam

321 3714 346 3763 1.
364 3712 464 3782 Supra,
479 3731 507 3782 p.
525 3713 615 3774 15-16,
632 3714 725 3765 35-36.

322 3794 346 3842 2.
364 3793 405 3843 De
419 3792 481 3853 Or.,
499 3793 524 3854 3,
543 3794 585 3854 10,
603 3794 634 3844 37
649 3812 654 3852 ;
672 3793 718 3854 ci,
736 3794 761 3853 1,
779 3793 821 3853 32,
839 3793 899 3843 144.

322 3873 347 3923 3.
366 3873 407 3924 De
423 3871 485 3933 Or.,
501 3873 526 3933 3,
544 3873 587 3934 14,
604 3873 651 3932 52;
670 3874 695 3934 3,
710 3873 753 3934 52,
771 3873 822 3924 199
835 3891 840 3932 ;
855 3873 880 3934 3,
898 3872 941 3934 55,
958 3873 1017 3924 210.

322 3953 347 4002 4.
365 3952 428 4013 Or.,
446 3953 487 4012 24,
504 3953 546 4004 79.

321 4032 346 4084 5.
365 4032 408 4084 cf.
426 4033 460 4084 ad
477 4033 556 4094 Her,
574 4033 598 4094 4,
616 4034 658 4094 13,
676 4033 770 4094 18-55,
786 4033 829 4084 69.

322 4113 347 4164 6.
364 4114 406 4165 De
427 4113 488 4172 Or,
511 4113 536 4173 3,
559 4113 602 4174 53,
625 4114 737 4174 202-54,
760 4114 828 4172 208;
850 4113 912 4175 Or.,
937 4113 980 4175 39,
1002 4112 1114 4173 135-40,
1136 4111 1197 4162 139.
1217 4111 1274 4175 Qui
1295 4111 1350 4163 loci

287 4210 371 4263 saepe
392 4193 466 4244 inter
484 4210 515 4244 se
536 4193 633 4245 collati
654 4203 741 4245 sunt:
764 4194 799 4245 cf.
818 4193 1046 4254 Bauerschmidt,
1063 4211 1091 4262 p.
1109 4192 1207 4250 39-43;
1228 4191 1350 4243 Linder-

286 4272 383 4333 bauer,
400 4275 441 4324 De
457 4271 601 4325 verborum
617 4280 809 4326 mulctatorum
820 4279 847 4324 et
857 4271 1076 4345 peregrinorum
1093 4270 1173 4345 apud
1190 4271 1351 4324 Ciceronem

287 4369 340 4404 usn
354 4359 382 4404 et
396 4352 633 4425 compensatione,
651 4354 687 4415 Il,
703 4372 731 4423 p.
749 4351 852 4410 20-25;
868 4352 1016 4414 Causeret‚
1032 4371 1060 4422 p.
1078 4352 1209 4403 183-198.
