3086 5040
252 462 287 520 10
322 478 415 519 CAPUT
430 479 450 519 1.
466 492 498 502 ··
514 477 622 528 Quanti
637 477 738 517 ARTEM
754 475 946 517 sacrementi
961 477 994 516 M.
1009 475 1132 516 TULLIUS
1145 475 1268 516 necatur

252 611 374 678 mirum
391 610 563 678 silentium
578 619 632 678 est
647 611 657 656 ¹
672 636 680 689 ;
697 633 807 701 neque
822 609 1023 700 intellegere
1038 631 1179 699 possum
1195 632 1255 676 cur
1273 608 1323 675 illi

251 727 427 818 fingantur
447 724 623 795 Ciceronis
643 724 769 792 inimici
785 724 904 805 luisse,
922 724 963 792 de
979 724 1105 814 quibus
1121 747 1230 816 neque
1246 724 1320 814 ipse

253 843 386 923 Cicero,
408 842 466 932 qui
485 842 587 910 toties
607 841 821 910 inimicorum
841 863 981 908 suorum
1000 841 1207 908 mentionem
1227 839 1319 923 lecit,

252 982 361 1050 neque
377 957 434 1025 alii
450 958 636 1048 scriptores
650 957 832 1048 quiequam
844 956 1072 1038 tradiderunt,
1086 980 1153 1050 quo
1164 955 1322 1024 simultas

252 1074 311 1142 illa
326 1074 631 1142 demonstraretur.

298 1221 359 1285 lll.
381 1217 596 1287 —Gravius
618 1227 671 1284 est
690 1216 773 1284 illud
793 1225 1032 1306 argumentum
1053 1239 1094 1282 ex
1116 1214 1158 1282 iis
1182 1216 1321 1282 ductum

252 1358 339 1424 quac
354 1342 473 1401 contra
488 1332 643 1400 rhetores
660 1332 800 1400 Latinos
818 1331 965 1400 inlibris
982 1330 1023 1398 de
1040 1333 1186 1400 Oratore
1203 1330 1322 1398 dicun-

251 1458 318 1515 tur.
341 1449 387 1515 At
407 1473 447 1515 ex
467 1448 625 1516 omnibus
645 1471 761 1515 eorum
780 1447 944 1514 librorum
960 1446 1044 1514 locis
1059 1446 1233 1538 inquibus
1249 1445 1321 1512 rhe-

252 1575 344 1632 tores
374 1564 605 1654 exagitantur,
641 1587 735 1630 unns
764 1573 818 1630 est
848 1561 882 1629 in
913 1585 980 1654 quo
1013 1563 1138 1629 Latini
1167 1561 1321 1629 rhetores

252 1679 479 1747 nominentur.
505 1679 571 1766 Qui
593 1680 687 1746 locus
710 1689 775 1758 est,
799 1690 837 1746 ut
858 1679 979 1752 fateor,
1008 1677 1237 1768 gravissimus
1258 1705 1266 1760 3
1287 1678 1322 1745 in

253 1818 359 1886 eoque
387 1795 519 1862 Tullius
545 1794 682 1861 videtur
713 1806 829 1885 aperte
856 1794 998 1861 Latinos
1028 1794 1182 1862 rhetores
1209 1795 1322 1862 insec-

252 1909 318 1978 tari
338 1936 344 1977 :

293 2053 412 2115 Rerum
428 2061 478 2114 est
493 2053 572 2114 silva
588 2073 715 2136 magna,
734 2073 829 2136 quam
845 2072 917 2113 cum
934 2053 1049 2114 Graeci
1068 2053 1132 2114 iam
1153 2074 1216 2114 non
1232 2063 1322 2115 tene-

252 2151 333 2216 rent,
355 2142 396 2203 ob
417 2161 551 2223 eamque
571 2161 700 2202 causam
720 2142 868 2203 iuventus
888 2150 997 2202 nostra
1020 2140 1199 2204 dedisceret
1220 2163 1322 2224 paene

253 2231 416 2304 discend0,
439 2231 536 2292 etiam
556 2231 678 2304 Latini,
701 2231 728 2292 si
747 2230 798 2291 dis
817 2230 933 2312 placet,
951 2229 1011 2291 hoc
1026 2229 1155 2291 hiennio
1171 2233 1326 2312 magistri

253 2320 385 2381 dicendi
405 2323 629 2395 exstiteram
653 2340 734 2402 quos
759 2339 820 2402 ego
846 2339 961 2380 censor
984 2318 1088 2380 edicto
1113 2339 1183 2380 meo
1213 2329 1322 2381 sustu-

252 2409 363 2481 leram,
399 2429 463 2469 non
496 2429 570 2491 quo,
606 2417 641 2469 ut
673 2409 781 2470 nescio
817 2427 897 2490 quos
933 2407 1038 2468 dicere
1074 2407 1213 2481 aiebant,
1251 2408 1321 2469 acui

253 2497 383 2580 ingenia
404 2496 656 2558 adulescentium
682 2497 799 2558 nollem
824 2497 880 2558 sed
903 2506 1014 2557 contra
1035 2496 1166 2580 ingenia
1188 2497 1322 2559 obtundi

252 2586 350 2659 uolui,
375 2586 575 2647 corroborari
598 2586 841 2669 impudentiam.
865 2585 946 2646 Nam
969 2585 1062 2666 apud
1080 2584 1236 2662 Graecos,
1259 2587 1322 2648 oui-

253 2674 391 2735 cuimodi
407 2682 525 2746 esseut,
543 2674 691 2735 videbam
707 2684 813 2736 tamen
829 2694 901 2735 esse
920 2683 1047 2756 praeter
1068 2673 1149 2734 hanc
1169 2675 1322 2736 exercita-

252 2764 370 2826 tionem
391 2763 521 2846 linguae
542 2764 725 2824 doctrinam
741 2764 881 2845 aliquam
897 2773 928 2824 et
943 2762 1173 2823 humanitatem
1190 2762 1322 2846 dignam

253 2852 405 2914 scientia:
427 2854 486 2913 lios
502 2873 575 2914 vero
592 2872 690 2912 noros
705 2853 881 2933 magistros
896 2851 975 2913 nihil
990 2851 1210 2934 intelligebam
1225 2872 1322 2935 posse

252 2940 367 3003 docere
396 2941 457 3002 nisi
488 2950 523 3002 ut
551 2940 734 3015 auderent,
766 2940 851 3023 quod
880 2940 976 3002 etiam
1005 2960 1077 3001 cum
1109 2940 1202 3002 bonis
1227 2941 1323 3003 rebus

253 3030 456 3092 coniunctum
477 3050 535 3113 per
555 3049 589 3091 se
610 3030 716 3111 ipsum
737 3039 787 3091 est
806 3049 1003 3111 magnopere
1026 3028 1227 3111 fugiendum.
1255 3029 1323 3092 Hoc

253 3139 324 3180 cum
353 3139 451 3179 unum
479 3118 660 3180 traderetur
688 3127 720 3180 et
748 3138 819 3179 cum
848 3117 1067 3199 impudentiae
1094 3117 1189 3179 ludus
1224 3128 1319 3193 esset,

253 3207 361 3289 putavi
384 3227 455 3269 esse
477 3206 620 3268 censoris
643 3227 682 3268 ne
704 3207 833 3289 longius
856 3206 887 3267 id
911 3215 1055 3288 serperet
1073 3206 1253 3288 providere.
1274 3207 1322 3270 De

253 3294 322 3371 Or,
339 3301 368 3371 3,
387 3299 435 3370 24,
452 3300 567 3358 east·

298 3438 365 3506 Sed
381 3438 720 3506 animadvertendum
736 3449 790 3506 est
803 3437 892 3504 hunc
909 3438 1018 3505 solum
1035 3439 1146 3505 locum
1158 3435 1323 3506 librorum

253 3554 294 3622 de
311 3556 456 3623 Oratore
472 3565 592 3621 contra
607 3552 760 3621 rhetores
777 3553 920 3622 Latinos
936 3553 1049 3621 allerri
1069 3577 1184 3644 posse,
1206 3555 1322 3644 plures

252 3693 334 3738 vero
350 3681 467 3738 contra
484 3670 638 3737 rhetores
655 3672 830 3740 Graecos:

294 3813 463 3875 Gerendus
485 3823 534 3874 est
556 3812 613 3873 tibi
637 3832 707 3872 mos
730 3812 999 3884 adulescentibus,
1025 3810 1153 3885 Crasse,
1180 3812 1234 3894 qui
1259 3833 1322 3874 non

255 3901 378 3963 Graeci
396 3901 553 3978 [alicuius]
575 3899 768 3961 cotidianam
790 3901 1022 3981 loquacitatem
1042 3901 1112 3961 sine
1135 3922 1196 3960 usu
1219 3921 1322 3983 neque

253 4010 292 4051 ex
307 3989 425 4051 scholis
441 3989 631 4050 cantilenam
648 3989 824 4071 requirunt.
842 3989 890 4049 De
906 3988 974 4062 On,
994 3995 1021 4062 1,
1039 3994 1088 4061 23,
1108 3995 1175 4051 105.

293 4078 358 4140 Nec
379 4078 457 4138 mihi
476 4099 557 4160 opus
578 4086 627 4138 est
647 4076 775 4138 Graeco
796 4078 908 4159 ali'qao
928 4078 1060 4139 doctore
1080 4078 1134 4161 qui
1154 4078 1232 4140 mihi
1252 4099 1322 4162 per·

289 4251 313 4300 1.
336 4249 511 4301 Paucissima
533 4265 604 4318 qnae
625 4248 754 4299 sciuntur
775 4248 838 4300 vide
858 4249 931 4317 apud
952 4247 1106 4310 Krbhnert,
1121 4248 1174 4302 Die
1190 4248 1323 4320 Ansiinge

256 4326 308 4381 der
321 4327 456 4382 Rhetoril·
473 4327 517 4382 oei
533 4326 588 4382 den
603 4329 733 4388 Romam,
753 4348 781 4399 p.
799 4329 893 4379 21-22.
