3086 5040
358 432 374 506 ξ
393 435 421 490 5.
443 465 474 472 -
495 451 564 500 oum
584 449 747 491 versamus
766 448 983 490 runrrarnrrcrs
1003 451 1150 491 nuscetur
1252 433 1287 490 39

222 588 372 652 Isocrate
384 584 590 652 Aristoteles
601 583 942 675 dissentiebat3quae
952 584 1086 676 utrique
1097 583 1288 651 eommunia

222 711 339 768 essent
358 700 479 770 Cicero
499 700 813 768 animadverterat:
836 711 944 768 artem
964 700 1096 767 dicendi
1116 700 1159 767 ad
1179 699 1288 790 philo-

222 817 377 908 sophiam
398 815 581 906 pertinere,
605 839 801 883 communes
823 816 1043 906 quaestiones
1066 814 1170 882 finitis
1191 826 1287 882 ante-

221 931 397 1023 ponendas
421 956 511 1014 esse,
536 955 801 1016 numerumnon
822 955 961 998 versum
981 931 1016 998 in
1038 931 1189 999 oratione
1210 954 1286 999 esse

221 1048 441 1116 servandum.
467 1051 559 1115 Haeo
583 1050 756 1116 Isocratea
776 1047 876 1115 simul
896 1057 931 1115 et
949 1047 1157 1114 Aristotelea
1176 1070 1196 1113 a
1215 1048 1287 1137 plc-

220 1163 336 1255 risque
357 1187 496 1231 suorum
516 1163 708 1254 aequalium
729 1163 867 1254 neglegi
887 1163 1041 1244 dolebat;
1063 1163 1147 1230 haec
1166 1187 1286 1230 rursus

220 1279 254 1346 in
270 1279 433 1347 honorem
449 1278 618 1346 adducere
632 1278 752 1347 voluit.

221 1548 234 1621 5
253 1541 285 1606 5.
307 1579 351 1588 -
377 1541 489 1621 Quid
510 1541 734 1608 veteribus
754 1541 1055 1625 Peripateticis
1074 1541 1283 1610 debuerit.

263 1743 462 1811 Aristotelis
476 1742 635 1833 discipuli
653 1769 669 1806 a
685 1744 853 1832 permulta
869 1753 1052 1833 praecepta
1066 1742 1200 1811 dicendi
1211 1743 1285 1811 reli-

220 1861 392 1952 querunt1
411 1887 441 1926 ».
460 1858 564 1926 Pauci
579 1869 693 1926 tamen
709 1883 750 1925 ex
768 1858 810 1925 iis
831 1882 851 1926 a
870 1859 1034 1927 Cicerone
1054 1859 1283 1927 nominantur.

219 1979 307 2044 Nam
328 1985 465 2066 praeter
490 1975 746 2066 Hieronymum,
772 1998 873 2065 quem
897 1984 951 2041 sat
972 1974 1141 2042 malitiose
1161 1999 1285 2043 versus

219 2115 259 2159 ex
280 2091 443 2159 Isocratis
463 2090 560 2159 libris
581 2089 763 2181 collegisse
780 2101 898 2157 narrat
911 2093 935 2172 2,
958 2114 1046 2157 unus
1062 2091 1132 2158 fero
1146 2095 1159 2137 3
1175 2091 1285 2160 Theo-

218 2207 380 2298 phrastus
397 2208 440 2275 ab
456 2230 495 2274 eo
508 2206 678 2273 laudatur.
698 2205 764 2273 Sed
779 2204 809 2272 is
825 2204 961 2297 quidem
972 2230 1086 2297 saepe.
1101 2208 1184 2274 Eius
1197 2207 1285 2274 enim

219 2322 347 2413 scripta
358 2322 479 2391 Cicero
490 2321 629 2388 assidue
644 2322 779 2411 legerat
793 2322 817 2404 4,
835 2344 912 2389 eum
930 2348 945 2384 κ
963 2321 1108 2389 amioum
1124 2325 1249 2389 suum⁵
1266 2351 1282 2388 »

218 2439 377 2518 vocabat,
400 2439 441 2505 de
462 2461 501 2505 eo
522 2437 678 2505 dicebat:
703 2463 719 2500 a
741 2436 858 2523 Quid?
878 2438 1135 2529 Theophrastus
1158 2439 1285 2507 medio-

221 2581 237 2618 «
259 2553 406 2621 criterne
426 2554 574 2621 delectat
593 2577 668 2620 oum
687 2562 814 2620 tractat
831 2554 924 2620 locos
945 2554 988 2620 ab
1004 2554 1190 2623 Aristotele
1206 2565 1284 2622 ante

221 2697 236 2732 «
258 2673 450 2738 tractatos?
464 2698 480 2734 n
493 2673 516 2736 ⁶.
533 2671 748 2760 Quamquam
759 2679 873 2736 tamen
885 2668 957 2736 eius
972 2669 1070 2738 libris
1084 2677 1148 2762 περὶ
1160 2671 1259 2751 λέξεως
1272 2665 1284 2709 ⁷

218 2809 302 2853 usus
327 2796 380 2853 ost
402 2787 432 2869 ⁸,
453 2809 521 2853 non
536 2786 642 2852 multa
663 2785 800 2852 videtur
820 2784 867 2852 ibi
889 2782 1081 2873 repperisse
1106 2806 1193 2873 quae
1217 2807 1284 2851 non

218 2911 335 2969 essent
350 2901 419 2968 iam
434 2902 478 2969 ah
493 2901 676 2969 Aristolele
691 2900 782 2968 dicta
792 2902 816 2966 9.

263 3021 313 3084 De
341 3017 473 3084 naturis
502 3016 675 3084 hominum
704 3016 918 3108 motibusque
944 3014 1133 3083 animorum
1157 3015 1284 3083 oratori

217 3132 477 3224 perspiciendis,
494 3144 532 3200 ut
546 3133 767 3201 Aristotelem
787 3134 836 3200 sic
856 3155 989 3224 quoque
1010 3131 1284 3222 Theophrastum

252 3351 277 3400 1.
300 3349 369 3410 lnv.,
388 3350 413 3410 2,
430 3350 455 3410 2,
476 3350 500 3401 7.

253 3430 278 3480 2.
300 3429 363 3488 Or..
380 3430 423 3481 56.
441 3429 501 3481 190.

252 3510 277 3565 3.
300 3510 341 3561 De
361 3509 531 3570 Theodecte‚
553 3509 602 3580 qui
622 3527 677 3561 non
691 3510 784 3560 solum
798 3508 965 3561 Aristotelis
981 3509 1031 3562 sed
1046 3509 1131 3562 etiam
1146 3509 1282 3562 Isocratis

217 3589 377 3659 discipulus
393 3589 493 3650 fuerat,
512 3607 598 3659 supra
613 3589 720 3641 dietum
735 3599 788 3641 est.

252 3670 276 3720 4.
299 3668 342 3720 cf.
357 3669 478 3740 Tyrrell,
497 3667 530 3730 1³,
548 3688 576 3739 p.
596 3670 656 3729 295,
675 3669 772 3739 ibique
787 3669 892 3722 notatis
909 3670 981 3723 adde
997 3670 1083 3731 Plut,
1103 3670 1174 3732 Cic,
1195 3670 1237 3733 24,
1255 3671 1280 3723 2.

251 3749 277 3800 5.
301 3769 312 3797 ι(
330 3748 401 3800 Cum
417 3747 616 3819 Theophrasto
632 3749 722 3801 amico
738 3766 800 3802 meo
815 3769 839 3800 n.
856 3747 925 3811 Ate,
941 3751 966 3811 2,
982 3750 1024 3811 16,
1042 3751 1067 3801 3.

252 3830 277 3880 6.
300 3828 361 3890 Fin,
379 3831 404 3890 1,
422 3829 447 3888 2,
465 3831 491 3880 6.

253 3910 278 3961 7.
299 3909 341 3960 De
361 3907 407 3960 his
426 3908 510 3961 libris
530 3927 618 3979 pauca
639 3909 790 3962 admodum
811 3910 926 3971 scimus,
943 3928 1014 3980 quae
1030 3918 1122 3962 tamen
1137 3910 1282 3964 illustrare

216 3998 333 4042 conatus
359 3999 402 4041 est
427 3990 462 4040 H.
484 3989 572 4050 Rahe,
593 3992 635 4042 oe
657 3988 847 4064 Theophrasti
866 3989 948 4042 tibris
968 3988 1028 4065 περὶ
1050 3988 1156 4059 λέξεως.
1178 3991 1282 4044 Melius

216 4077 296 4121 antea
310 4068 437 4120 Schmidt
448 4070 458 4136 (
465 4069 666 4122 Commentatio
683 4068 718 4122 de
736 4068 930 4144 Theophrasto
942 4069 1074 4140 rhetore).

251 4150 276 4199 8.
299 4149 371 4209 uin..
388 4150 413 4210 1,
431 4150 455 4210 2,
471 4150 496 4200 2,

250 4229 276 4280 9:
298 4228 341 4280 Cf.
360 4229 479 4299 Sandys,
497 4231 520 4280 A
538 4228 645 4302 history·
659 4230 694 4299 of
703 4229 839 4283 classiccl
856 4229 1040 4306 Scholarship
1054 4231 1127 4300 from
1142 4230 1188 4285 the
1203 4231 1281 4285 sixth

215 4316 331 4381 century
346 4308 369 4360 h.
391 4311 417 4361 C.
436 4317 463 4363 to
479 4308 525 4363 the
542 4308 598 4363 end
612 4310 647 4379 os
656 4309 702 4364 the
718 4309 825 4364 middle
839 4328 918 4380 eges,
935 4331 963 4382 p.
981 4312 1024 4363 99.
