3062 5050
362 549 377 622 §
396 552 422 608 5.
444 582 477 591 -
497 567 600 607 curma
620 567 784 608 nocrumxu
803 567 955 608 crosnoms
976 566 1105 607 anorum
1231 552 1266 608 85

197 864 210 936 5
239 858 272 922 5.
302 895 347 904 -
375 856 528 942 Capita
559 857 784 924 doctrinae
816 855 1042 923 Ciceronis
1072 855 1265 940 propria.

242 1055 335 1118 Haec
357 1060 472 1117 tamen
494 1050 619 1131 omnia,
644 1073 731 1141 quae
755 1073 821 1116 non
843 1049 886 1115 ad
910 1048 1053 1116 verbum
1077 1072 1095 1115 e
1121 1047 1266 1117 Graecis

195 1165 427 1234 voluminibus
447 1189 625 1257 expressa,
649 1166 709 1233 sed
729 1189 749 1232 a
769 1165 932 1234 Cicerone
953 1164 1105 1254 cogitata
1128 1174 1267 1231 conten-

197 1281 323 1358 dimus,
355 1304 422 1349 nou
450 1281 576 1349 idcirco
607 1304 695 1348 nova
719 1281 907 1370 probantur
932 1279 1050 1347 fuisse.
1080 1282 1267 1347 Potuerunt

197 1397 287 1464 enim
307 1397 338 1465 ei
359 1397 522 1465 scribenti
541 1397 711 1488 permulta
726 1419 902 1463 occurrere
918 1419 1005 1486 quae
1020 1394 1217 1463 iamdudum
1232 1394 1266 1461 in

197 1512 324 1581 scholis
340 1514 514 1581 rhetorum
530 1513 708 1592 didicerat,
727 1535 745 1578 a
761 1511 973 1602 pbilosophis
990 1510 1157 1592 audierat,
1177 1510 1266 1600 apud

197 1629 396 1719 scriptoreS,
420 1631 573 1698 Graecos
593 1627 808 1718 praesertim,
826 1627 970 1718 legerat.
989 1626 1103 1694 Potuit
1118 1611 1263 1718 quoque,

197 1769 272 1812 cum
294 1769 361 1812 nou
381 1745 536 1835 integros
556 1744 662 1811 libros
684 1743 718 1810 in
738 1743 897 1810 Latinum
919 1765 1110 1811 sermonem
1124 1765 1266 1810 conver-

196 1871 296 1943 teret,
314 1870 428 1927 tamen
442 1859 550 1927 variis
566 1860 727 1950 operibus
743 1859 776 1926 in
793 1859 972 1926 scribendo
992 1858 1054 1942 uti,
1075 1858 1164 1925 unde
1185 1859 1266 1925 sub-

196 1975 309 2043 tiliora
321 1975 405 2042 artis
417 1985 600 2066 praecepta
612 1984 772 2042 sumeret.
792 1977 836 2040 Et
846 1999 882 2040 re
893 1974 1029 2065 quidem
1039 1998 1135 2057 vera,
1147 1974 1181 2040 in
1193 1974 1266 2041 eius

197 2091 335 2183 scriptis
361 2090 552 2174 rhetoricis
583 2114 712 2180 paucae
743 2114 798 2157 res
829 2099 909 2157 sunt
931 2114 1017 2181 quae
1044 2114 1153 2180 neque
1176 2089 1266 2179 apud

198 2207 383 2298 scriptores
405 2206 613 2298 antiquiores
635 2206 849 2296 reperiantur
870 2216 903 2273 et
924 2205 1058 2296 abipso
1079 2229 1145 2272 non
1167 2207 1266 2274 modo

197 2323 368 2414 cogitatae
381 2323 442 2390 sed
452 2347 532 2389 vere
544 2323 703 2390 inventae
715 2333 749 2389 et
760 2322 973 2413 excogitatae
984 2345 1061 2388 esse
1070 2321 1263 2389 videantur.

240 2442 328 2507 Nam
343 2449 527 2529 praecepta
542 2439 639 2519 artis,
657 2463 744 2529 quae
756 2437 896 2505 uberius
912 2437 946 2504 in
967 2437 1064 2504 libris
1085 2437 1125 2504 de
1143 2441 1266 2505 Inven-

196 2555 288 2622 tione
305 2579 408 2645 quam
423 2555 457 2622 in
473 2554 596 2622 ceteris
617 2554 840 2645 explicantur,
863 2554 1044 2621 confitetur
1063 2554 1132 2620 sere
1153 2546 1266 2621 omnia

195 2695 237 2738 ex
252 2670 501 2762 antiquioribus
519 2671 744 2761 scriptoribus
765 2693 842 2736 esse
861 2670 968 2738 libata
990 2671 1023 2752 1;
1047 2668 1265 2737 ridiculorum

195 2786 398 2877 partitiones
420 2786 455 2853 in
477 2786 626 2854 seeundo
648 2787 690 2854 de
713 2788 872 2868 Oratore,
897 2789 1108 2856 Graecorum
1131 2809 1265 2876 quoque

197 2925 274 2969 esse
295 2901 468 2992 significat
486 2903 498 2946 2
514 2929 521 2984 ;
544 2927 631 2993 quae
652 2926 742 2969 nova
755 2901 961 2968 videbantur
976 2911 1009 2968 et
1024 2901 1178 2968 inaudita
1194 2901 1265 2991 ple-

197 3017 327 3109 risque,
356 3042 396 3085 ea
422 3017 498 3107 ipsa
527 3045 543 3080 «
569 3027 749 3108 pervetera
772 3021 785 3063 ³
811 3045 826 3082 »
855 3027 976 3084 erant:
1004 3017 1044 3084 de
1069 3016 1208 3108 ingenio
1233 3027 1266 3084 et

199 3133 441 3202 exercitatione
464 3134 529 3202 arti
550 3133 815 3225 praeponendis,
842 3135 883 3201 de
904 3133 1052 3201 motibus
1077 3133 1265 3200 animorum

197 3249 324 3317 oratori
345 3249 603 3340 pernoscendis,
627 3249 668 3315 de
691 3249 926 3316 communibus
950 3248 1103 3316 universi
1127 3247 1265 3339 generis

197 3364 456 3456 quaestionibus
471 3365 674 3445 tractandis
688 3365 729 3432 de
742 3365 892 3432 numeris
904 3387 970 3432 non
983 3363 1170 3446 adstrictis
1183 3363 1265 3431 utin

196 3490 365 3572 poemate,
408 3481 469 3548 sed
509 3480 764 3548 remissioribus
804 3480 838 3546 in
878 3480 1030 3548 oratione
1071 3479 1263 3547 servandis.

198 3600 316 3688 ltaque
332 3595 542 3687 paucissima
558 3606 743 3686 supersunt
759 3620 846 3686 quae
863 3597 905 3664 ab
922 3619 961 3663 eo
976 3595 1121 3686 primum
1132 3597 1266 3686 prolata

198 3711 375 3793 dicantur;
393 3736 460 3779 non
476 3713 569 3779 nulla
584 3721 710 3779 tamen.

241 3828 291 3895 Ac
310 3828 456 3920 primum
476 3828 619 3896 dilectus
641 3828 779 3919 quidam
801 3852 914 3894 rerum
937 3829 980 3895 ab
1002 3850 1042 3895 eo
1065 3830 1175 3895 sactus
1198 3839 1263 3910 est,

197 3943 322 4035 quippe
342 3944 399 4036 qui
419 3944 586 4011 rationem
606 3944 791 4012 oratoriam
812 3943 1029 4035 antiquorum
1051 3968 1126 4012 cum
1148 3968 1265 4011 recen-

197 4059 321 4127 tiorum
345 4061 539 4150 praeceptis
564 4060 723 4127 misceret
750 4084 788 4127 ac
813 4070 1031 4151 temperaret.
1060 4065 1137 4153 lpse
1162 4060 1261 4140 enim,

233 4257 259 4306 1.
281 4256 349 4318 lnv.‚
365 4257 390 4318 2,
408 4258 432 4319 2,
451 4258 485 4318 4,
503 4257 537 4308 cf.
555 4258 580 4319 2,
598 4258 623 4318 3,
641 4260 666 4309 8.

234 4336 259 4386 2.
283 4335 467 4406 Colliguntur
484 4354 501 4389 a
525 4336 641 4390 Graecis
661 4337 716 4390 alia
734 4355 790 4390 non
804 4337 890 4390 nulla.
908 4338 950 4390 De
966 4338 1028 4400 On,
1044 4339 1069 4400 2,
1087 4340 1129 4400 71,
1145 4339 1205 4390 288.
