3062 5050
243 435 279 494 82
314 453 407 495 CAPUT
419 454 458 494 1v.
474 467 506 478 ··
522 454 592 504 QUlD
604 455 755 496 CICERONIS
769 457 799 496 IN
812 455 890 496 ARTE
903 454 1068 496 abacorum
1082 455 1237 497 Paconium

244 597 278 654 et
302 609 368 679 quo
394 597 547 680 tempora
576 589 729 658 meminit
759 591 794 673 ¹3
825 613 862 657 se
893 589 1042 657 nondum
1068 591 1310 681 perfectionem

244 715 346 795 atquc
372 704 621 772 absolutionem
644 705 857 797 eloquentiae
883 715 1103 774 consecutum
1127 705 1253 773 latetur
1274 709 1308 786 ²;

243 820 405 888 maiorem
426 821 572 911 aliquem
593 822 743 889 futurum
763 821 930 913 praedicit
949 822 1093 912 qui'non
1113 823 1213 891 modo
1231 847 1309 913 per-

241 937 350 1004 lectus
379 947 494 1006 orator
522 937 667 1006 exsistat
690 942 716 1016 3,
743 939 804 1005 sed
834 937 937 1005 etiam
966 937 1100 1006 dicendi
1125 949 1308 1030 praecepta

242 1053 362 1120 melius
378 1077 480 1144 quom
500 1053 566 1145 ipsi
586 1054 711 1123 Graeci
731 1054 846 1122 tradat
866 1077 904 1122 ac
924 1054 1093 1145 perpoliat
1108 1055 1139 1137 1;
1156 1079 1216 1122 cur
1234 1055 1308 1145 ipse

242 1169 383 1236 Latinos
406 1169 560 1237 rhetores
583 1169 761 1238 sustulerit
781 1169 891 1260 aperit
905 1172 938 1250 ⁵3
956 1168 1111 1260 exempla
1124 1169 1308 1238 vocabulo-

240 1309 315 1351 rum
327 1285 525 1353 Latinorum
539 1289 552 1332 ⁶
565 1309 795 1377 versuumque
807 1310 824 1354 e
835 1285 1010 1354 veteribus
1023 1285 1185 1353 Romanis
1196 1286 1306 1377 poetis

241 1411 453 1491 sumptorum
467 1401 609 1484 7allert;
623 1401 664 1468 de
678 1403 713 1470 S.
728 1401 837 1484 Aelio,
856 1402 915 1469 Μ’.
933 1401 1089 1484 Manilio,
1107 1405 1144 1470 P.
1163 1403 1305 1484 Crasso,

241 1516 293 1584 Ti.
330 1518 557 1598 Coruncanio,
595 1517 764 1608 Scipione,
805 1520 936 1587 Catone
973 1517 1080 1585 multa
1117 1528 1235 1585 narrat
1267 1521 1304 1600 8;

240 1635 393 1703 Graecos
408 1633 566 1724 denique,
583 1633 737 1700 homines
755 1660 771 1696 (ι
790 1633 1005 1702 abundantes
1022 1633 1091 1701 otio
1106 1635 1119 1679 9
1136 1661 1166 1714 »,
1185 1634 1307 1702 leviter

238 1747 369 1816 irridet.
396 1750 492 1835 Quae
517 1750 630 1817 omnia
653 1773 752 1818 nemo
780 1749 869 1817 dicet
898 1750 1098 1820 Ciceronem
1124 1750 1167 1817 ab
1193 1749 1305 1840 aliquo

239 1864 379 1954 antiquo
399 1864 521 1932 Latino
541 1865 708 1956 scriptore
729 1875 920 1934 mutuatum
941 1889 1039 1946 esse3
1060 1887 1121 1932 cur
1141 1865 1200 1932 illa
1220 1889 1305 1956 pau-

238 1978 330 2046 ciora
354 2003 374 2046 a
400 1982 561 2049 Gracco?
585 1985 738 2072 Utraque
763 1982 890 2071 potius,
917 1984 1052 2051 Graeca
1081 1991 1114 2048 et
1138 1984 1303 2064 Romana,

236 2094 304 2161 iam
324 2106 507 2187 antequam
529 2121 566 2166 se
587 2097 630 2164 ad
650 2096 756 2166 libros
774 2099 815 2166 de
836 2099 982 2166 Oratore
1003 2095 1203 2164 scribendos
1224 2119 1304 2164 con-

234 2211 350 2293 ferret,
390 2213 606 2280 sermonibus
644 2214 914 2305 lectionibusque
953 2213 1120 2281 didicerat
1155 2237 1162 2278 ε
1199 2213 1302 2279 rebus

234 2325 361 2392 iamdiu
377 2327 467 2394 notis
481 2329 739 2420 perspectisque
751 2329 795 2396 ad
806 2328 1042 2420 explicandam
1057 2351 1154 2396 suam
1170 2328 1213 2396 de
1228 2353 1304 2419 per-

236 2440 324 2509 lecto
340 2454 474 2512 oratore
491 2444 695 2512 sententiam
715 2445 820 2512 libere
840 2469 925 2512 usus
941 2456 1004 2513 est.
1024 2448 1111 2514 Cum
1127 2468 1210 2511 vero
1225 2467 1303 2535 pcr-

236 2558 317 2626 secti
349 2559 439 2626 illius
468 2560 615 2628 oratoris
648 2560 844 2652 imaginem,
876 2563 929 2629 sui
957 2561 1066 2653 ipsius
1096 2560 1303 2628 simillimam

235 2674 405 2765 pingeret,
424 2699 443 2742 a
459 2676 550 2743 nullo
567 2676 632 2743 alio
647 2700 749 2766 quam
765 2701 785 2744 a
800 2701 837 2745 se
853 2678 984 2746 colores
1000 2700 1135 2745 sumere
1151 2687 1298 2768 poterat.

369 2943 383 3016 5
407 2937 439 3001 4.
465 2975 509 2985 -
534 2937 597 3004 De
622 2938 779 3006 ceteris
802 2938 1007 3006 oratoriis
1031 2938 1170 3006 libris.

280 3132 352 3197 Hoc
370 3129 460 3197 idem
480 3130 515 3197 in
536 3131 682 3198 Oratore
707 3130 819 3221 magis
842 3131 1060 3198 manifestum
1083 3141 1147 3198 est.
1171 3132 1299 3218 Quam·

235 3268 336 3336 quam
356 3245 445 3312 enirn
466 3246 587 3316 Cicero
609 3246 643 3313 in
666 3270 798 3313 summo
819 3257 953 3314 oratore
968 3247 1129 3337 lingendo
1144 3246 1247 3314 talem
1263 3270 1300 3313 se

234 3359 416 3429 informare
428 3361 540 3452 qualis
552 3362 698 3429 sortasse
710 3386 809 3429 nemo
820 3361 920 3429 luerit
931 3363 968 3445 ¹⁰,
982 3361 1172 3453 profitetur,
1185 3373 1299 3430 tamen

267 3586 293 3636 1.
311 3585 352 3636 De
368 3584 432 3646 Or.,
449 3585 474 3646 3,
493 3585 536 3645 20,
554 3585 597 3636 75.

268 3666 293 3716 2.
311 3665 352 3716 De
368 3665 432 3719 Or..
450 3665 475 3725 3,
493 3665 535 3725 20,
554 3666 596 3717 74.

266 3746 292 3795 3.
311 3745 351 3796 De
368 3744 431 3805 Or.,
448 3745 474 3804 3,
492 3745 535 3805 21,
553 3745 596 3796 80.

266 3825 292 3875 4,
311 3825 352 3876 De
368 3824 431 3884 Or.,
448 3825 473 3885 3,
491 3825 534 3884 24,
552 3825 595 3876 95.

264 3904 290 3954 5.
308 3904 349 3955 De
365 3903 428 3963 Or.,
446 3904 472 3964 3,
490 3904 533 3964 24,
551 3904 641 3955 93-94.

265 3984 290 4034 6.
309 3984 351 4036 De
366 3983 429 4043 Or.,
447 3984 472 4045 3,
490 3984 533 4043 26,
552 3985 612 4034 101.

265 4065 289 4115 7.
307 4064 348 4114 De
364 4063 426 4123 Or.,
445 4064 470 4124 3,
488 4064 531 4124 26,
549 4063 611 4114 102.

264 4145 289 4194 8.
307 4144 349 4195 De
364 4142 426 4204 Or.,
444 4144 469 4203 3,
486 4144 529 4203 33,
548 4144 679 4194 133-134.

262 4224 288 4275 9.
306 4223 347 4274 De
363 4222 426 4283 Or.,
444 4223 468 4283 3,
487 4223 528 4282 31,
547 4223 614 4281 122,
632 4222 667 4273 cl.
682 4224 706 4282 1,
725 4224 750 4282 6,
768 4222 818 4280 22;
835 4223 860 4284 3,
878 4224 920 4284 15,
937 4224 989 4282 57;
1006 4223 1069 4283 Or.,
1087 4224 1130 4285 30,
1149 4224 1210 4276 108.

263 4302 306 4353 10.
328 4302 391 4363 Or.,
409 4302 434 4364 2,
452 4303 477 4354 7.
