3062 5050
263 495 298 551 76
334 512 428 553 CAPUT
441 513 480 552 iv.
498 527 530 536 -
547 513 616 562 Qtiio
629 485 780 554 cicundms
793 513 823 554 ut
836 512 913 554 ARTE
926 513 1093 554 nunromct
1106 513 1260 555 Pnorntont

263 646 349 714 toris
374 656 482 714 artem
507 648 639 715 Graece
664 647 865 730 conlectam,
890 625 909 714 a
934 646 1111 716 Ciceronis
1131 647 1272 715 'doctore
1297 648 1333 715 in

265 762 423 830 Latinum
442 785 634 830 sermonem
654 785 857 830 conversam
877 764 900 846 ¹,
922 786 942 831 a
962 763 1127 832 Cicerone
1147 762 1180 828 in
1201 763 1330 848 schola,

264 877 414 946 dictante
440 878 619 969 magistro,
650 879 824 969 scriptam.
847 879 1099 947 Animadvertit
1124 879 1260 970 quidem
1278 879 1332 947 vir

264 993 483 1062 doctissimus
497 1018 574 1061 esse
589 994 623 1060 in
636 994 733 1062 libris
746 995 787 1062 de
804 995 1000 1063 Inventione
1018 995 1149 1063 Rhodia
1164 995 1332 1087 quaedam

264 1112 418 1201 exempla
437 1112 461 1176 ².
485 1110 584 1196 Quod
604 1109 740 1177 minime
756 1134 942 1200 negamus,
962 1110 1022 1178 scd
1037 1109 1114 1178 inde
1131 1111 1330 1179 concludere

264 1249 331 1293 non
355 1225 434 1293 licet
458 1239 569 1294 totum
594 1249 680 1316 opus
705 1250 747 1294 ex
771 1249 844 1293 una
874 1226 1006 1294 Rhodia
1032 1238 1104 1294 arte
1131 1251 1331 1318 expressum

264 1366 353 1409 esse.
376 1341 488 1409 Facile
508 1341 597 1408 enim
616 1341 828 1432 intellegitur
845 1341 934 1409 undc
955 1342 1014 1410 illa
1033 1340 1186 1433 exempla
1202 1342 1282 1418 sint,
1302 1343 1331 1409 si

263 1457 352 1525 inter
375 1456 481 1525 libros
507 1457 631 1548 quibus
657 1458 777 1527 Cicero
801 1481 885 1526 usus
911 1468 964 1526 est
987 1483 1075 1527 unus
1098 1469 1157 1526 aut
1176 1460 1330 1549 plurese

265 1572 396 1642 Rhodia
412 1572 592 1663 disciplina
606 1573 672 1641 orti
688 1583 784 1642 crant
798 1577 822 1640 ³.
997 1571 1000 1576 ¹

315 1840 329 1914 t
351 1834 383 1898 2.
409 1872 453 1882 -
475 1835 640 1902 Eadem
664 1837 862 1920 quaestio
886 1838 939 1905 (16
965 1836 1279 1906 Partitionibus

671 1957 713 2020 ct
738 1953 925 2036 Topicis.

308 2152 514 2221 Partitiones
546 2177 679 2244 quoquc
711 2153 880 2221 oratorias
911 2154 994 2221 nihil
1027 2153 1118 2221 aliud
1151 2178 1229 2222 esse
1262 2153 1328 2220 nisi

263 2270 433 2337 Graecam
449 2269 597 2359 aliquam
612 2279 721 2336 artem
740 2269 774 2335 in
795 2269 954 2337 Latinum
974 2293 1165 2337 sermonem
1187 2292 1328 2336 conver-

264 2364 343 2451 sam¹
353 2407 420 2451 non
435 2385 517 2451 nulli
534 2384 756 2467 arbitrantur,
769 2385 870 2476 idque
884 2386 927 2453 ab
940 2385 1015 2476 ipso
1032 2386 1196 2454 Cicerone
1212 2408 1327 2452 asser-

262 2509 334 2566 tum
345 2509 477 2590 putant.
493 2500 559 2567 Sed
575 2510 612 2567 ut
627 2511 705 2567 ante
722 2501 791 2567 dixi
802 2502 825 2582 ⁴,
838 2500 975 2568 minime
986 2500 1020 2568 id
1032 2501 1151 2570 Cicero
1163 2501 1323 2568 assernit.

262 2618 380 2706 Neque
395 2615 442 2683 ita
458 2639 535 2683 esse
549 2615 623 2682 veri
639 2616 748 2683 simile
765 2627 829 2684 est.
848 2616 1000 2685 Libellus
1020 2618 1110 2685 enim
1124 2642 1144 2684 a
1160 2617 1324 2687 Cicerone

262 2730 305 2798 ad
320 2733 474 2798 Marcum
489 2731 595 2798 filium
611 2731 740 2799 missus
754 2743 818 2814 est,
837 2733 894 2824 qui
912 2733 980 2800 iam
1001 2735 1134 2802 Graece
1155 2733 1287 2802 sciebat
1301 2735 1324 2816 ⁵,

263 2849 397 2915 Graeco
416 2846 543 2914 rhetori
563 2870 702 2937 operam
724 2847 866 2916 dederat
884 2851 908 2915 ⁶.
932 2851 1003 2918 Cur
1027 2849 1057 2916 ei
1079 2849 1199 2918 Cicero
1221 2860 1328 2917 artem
1407 2827 1414 2835 ¹

261 2960 423 3051 aliquam,
440 2985 527 3052 quae
545 2963 676 3030 Graece
693 2974 786 3030 esset
802 2963 942 3054 scripta,
961 2964 1082 3032 Latine
1098 2965 1241 3033 totidem
1254 2988 1326 3032 ver·

260 3076 315 3144 bis
334 3076 578 3168 interpretatus
594 3083 714 3145 esset?
731 3081 801 3148 Cur
820 3079 854 3146 in
871 3090 942 3147 tam
957 3080 1068 3147 inutili
1086 3081 1225 3171 negotio
1242 3090 1327 3148 tem·

261 3216 326 3283 pus
350 3203 384 3260 et
407 3217 545 3284 operam
572 3195 867 3285 consumpsisset?
891 3196 928 3262 ld
957 3206 1047 3264 certe
1072 3195 1194 3262 mirum
1220 3206 1324 3264 essct.

261 3307 401 3376 Minime
415 3332 498 3376 vero
514 3309 635 3376 mirum
655 3321 709 3378 est
730 3310 853 3377 librum
873 3334 950 3378 esse
970 3311 1160 3379 consectum
1179 3335 1246 3402 quo
1270 3322 1327 3379 aut

261 3447 349 3491 nova
361 3424 529 3514 quaedam
544 3436 727 3516 praecepta
738 3468 781 3476 -
792 3427 882 3517 quod
895 3437 1007 3494 tamen
1019 3427 1077 3493 vix
1087 3427 1160 3494 fieri
1171 3427 1326 3517 potuisse

296 3651 321 3698 1.
345 3669 357 3696 u
379 3649 410 3700 ln
431 3649 516 3701 libris
538 3650 572 3702 de
594 3650 651 3700 inu.
676 3660 789 3702 seruata
810 3649 894 3701 nobis
915 3659 959 3702 est
985 3668 1030 3701 ars
1057 3651 1193 3720 quaedam
1220 3651 1328 3702 Graeca

263 3748 275 3776 ι(
296 3746 367 3797 quae
388 3728 455 3794 (sic)
474 3729 622 3781 Ciceronis
642 3738 812 3799 praeceptor
831 3731 929 3782 eodem
950 3730 1034 3782 modo
1053 3731 1140 3782 uertit
1156 3730 1255 3782 Latine
1272 3748 1326 3800 quo

262 3827 274 3856 a
296 3808 455 3877 CValgius
470 3807 639 3878 Apollodori
655 3819 815 3879 praecepta,
831 3809 900 3861 luha
914 3810 1063 3862 Heliodori
1079 3809 1204 3870 metrica,
1223 3811 1326 3862 Hiero-

262 3907 274 3936 «
295 3906 397 3958 nymus
419 3888 537 3940 Eusebii
560 3887 702 3949 chronica,
727 3889 890 3942 Priscianus
912 3889 1058 3960 Apollonii
1082 3890 1212 3960 syntaxin
1234 3911 1258 3940 u.
1281 3889 1326 3942 Ad

260 3969 338 4025 Hem,
356 3968 475 4041 proleg„
494 3987 522 4038 p.
540 3969 641 4026 81-823
659 3969 694 4020 cf.
711 3988 739 4039 p.
758 3970 818 4021 122.

210 4111 213 4118 Ι
296 4048 321 4097 2.
342 4045 426 4104 ibid.
442 4048 529 4107 Marx,
546 4067 574 4118 p.
592 4049 732 4109 158-159;
750 4050 785 4101 cf.
803 4050 934 4102 tet-162.

296 4128 321 4178 3.
344 4127 387 4178 ci.
406 4145 500 4197 supra,
518 4147 546 4198 p.
566 4129 660 4180 49-50.

296 4208 321 4258 4.
340 4208 440 4276 Supra,
457 4226 486 4277 p.
504 4208 545 4260 58.

296 4288 321 4338 5.
340 4288 415 4338 Part.
433 4287 495 4348 Or„
511 4289 535 4349 1,
554 4289 608 4339 1-2.

298 4367 323 4418 6.
340 4365 383 4418 Ad
399 4367 496 4431 Quint,
514 4368 539 4429 3,
557 4369 582 4429 3,
600 4369 625 4419 4.
