3062 5050
560 469 577 543 §
594 469 620 528 8.
645 501 678 510 -
697 487 766 528 sura
785 487 925 537 Quasnnu
1222 469 1274 528 107

210 619 307 688 libris
328 620 368 688 de
390 622 534 691 Oratore
552 622 561 666 ¹
579 621 680 712 plane
700 630 733 688 et
752 630 869 710 aperte
889 619 1070 711 expressit.
1089 623 1275 712 Postquam

209 759 292 804 vero
308 737 350 805 ab
366 735 513 804 Atticis2
528 736 585 827 qui
600 736 733 803 exiliter
747 746 780 803 et
793 737 905 826 quiete
919 736 1078 804 dicebaut
1093 746 1274 804 accusatus

213 862 266 920 est
299 852 389 943 quod
417 852 568 921 tumidus
597 863 631 920 et
658 853 809 920 Asianus
838 861 942 934 esset,
972 862 1045 919 tum
1070 862 1189 920 contra
1217 874 1276 919 eos

211 968 356 1036 maxime
372 969 517 1060 probare
533 978 676 1037 conatus
692 978 746 1036 est
756 968 924 1036 neminem
934 991 1097 1061 magnum
1107 978 1277 1036 oratorem

212 1108 302 1164 esse,
320 1085 386 1152 nisi
401 1084 459 1176 qui
473 1085 627 1152 homines
642 1084 878 1152 vehementius
893 1094 1132 1152 commoveret.

256 1202 332 1288 Quo
349 1200 460 1292 magis
478 1211 590 1269 autem
610 1201 653 1269 ab
673 1200 797 1269 Atticis
817 1200 1096 1291 impugnabatur,
1118 1223 1158 1268 eo
1178 1223 1276 1266 eons-

211 1316 341 1385 tantius
370 1316 511 1407 perfecti
539 1317 685 1384 oratoris
715 1316 863 1407 speeiem
887 1315 931 1383 ad
955 1340 1038 1384 suae
1063 1315 1277 1406 eloquentiae

212 1456 366 1499 normam
382 1431 565 1523 dirigebat.
589 1435 660 1500 lam
681 1443 864 1523 antequam
883 1431 989 1500 Attici
1009 1431 1277 1500 controversiam

212 1556 401 1630 moverent,
419 1549 569 1638 amplum
585 1558 618 1615 et
633 1559 790 1616 ornatum
805 1547 939 1615 dicendi
956 1571 1065 1639 genus
1080 1548 1114 1614 in
1135 1545 1277 1614 summis

213 1663 359 1731 oratoris
379 1663 539 1732 laudibus
560 1667 774 1755 posuerat³;
796 1675 977 1755 postquam
996 1687 1079 1731 vero
1098 1662 1203 1731 Attici
1223 1686 1278 1730 or·

213 1791 330 1848 natum
352 1779 528 1861 orationis,
551 1804 650 1871 quem
669 1779 737 1871 ipsi
758 1779 927 1871 attingere
948 1790 1006 1848 aut
1025 1779 1197 1861 nolebant,
1220 1789 1279 1846 aut

213 1921 281 1964 non
305 1905 474 1986 poterant,
501 1895 635 1987 publice
660 1919 822 1986 spernere
844 1906 1040 1987 coeperunt,
1063 1906 1136 1963 tum
1158 1895 1279 1964 Cicero

213 2035 290 2079 eum
319 2011 481 2079 acerrime
511 2011 672 2093 defendit,
703 2012 771 2080 tria
799 2035 927 2102 genera
955 2011 1089 2080 dicendi
1122 2020 1278 2079 accurate

213 2127 417 2218 descripsit3
439 2127 584 2218 primum
602 2137 703 2196 tenue
724 2138 757 2195 et
776 2129 903 2195 nudum
923 2127 1047 2195 Atticis
1067 2125 1236 2195 concessit
1252 2127 1277 2208 4,

214 2245 274 2312 sad
303 2243 420 2312 statim
446 2243 576 2311 addidit
604 2267 682 2311 esse
711 2242 804 2311 aliud
831 2243 971 2312 uberius
996 2253 1029 2311 et
1053 2243 1228 2311 robustius
1253 2244 1277 2325 ⁵,

214 2384 322 2451 neque
351 2359 414 2427 hoc
442 2360 518 2452 ipso
548 2359 737 2450 perfectum
768 2369 938 2427 oratorem
972 2383 1049 2427 esse
1084 2368 1279 2426 contentum

214 2477 279 2544 nisi
300 2486 451 2544 exstaret
465 2475 556 2543 idem
578 2502 594 2538 ι(
616 2476 761 2566 ampluS,
780 2475 952 2566 copiosuS,
971 2474 1102 2566 gravis,
1120 2483 1275 2556 ornatus,

250 2728 275 2779 1.
299 2747 311 2775 u
336 2727 393 2791 Qui
418 2736 466 2779 aut
492 2725 617 2778 breviter
643 2735 691 2778 aut
717 2727 869 2778 summisse
893 2726 999 2786 dicunt,
1027 2726 1130 2778 docere
1157 2724 1280 2776 iudicem

216 2827 228 2856 c
249 2816 378 2877 possunt,
396 2824 573 2859 commovere
588 2825 643 2859 non
658 2816 792 2877 possunt;
811 2806 839 2858 in
854 2824 909 2879 (μιο
924 2812 990 2858 sunt
1005 2805 1109 2858 omnia.
1127 2825 1140 2855 n
1157 2805 1199 2857 De
1215 2804 1278 2864 Or.,

249 2969 273 3018 2.
296 2969 407 3032 Quanta
422 2967 508 3019 suerit
524 2967 657 3019 Ciceroni
674 2985 736 3019 cum
751 2965 855 3018 Atticis
872 2983 968 3036 pugna
981 2966 1153 3028 narrandum
1168 2983 1223 3017 non
1238 2973 1282 3017 est

214 3066 277 3099 cum
290 3047 371 3100 multi
386 3048 440 3099 iarn
456 3048 490 3100 de
506 3065 538 3100 ea
553 3065 584 3099 re
599 3047 798 3099 disseruerint.
812 3047 889 3098 Inter
901 3064 974 3117 quos
986 3045 1049 3098 vide
1063 3065 1068 3096 :
1081 3046 1228 3106 Lantoine,
1241 3048 1281 3097 De

217 3127 348 3180 Cicerone
365 3135 464 3181 contra
482 3127 591 3180 Atticos
609 3126 776 3200 disputante
787 3148 796 3186 ,·
817 3126 912 3179 Gache
930 3135 958 3179 et
980 3127 1091 3197 Piquet,
1118 3125 1233 3178 Ciceron
1255 3131 1282 3178 el

214 3225 259 3260 ses
283 3207 407 3260 ennemis
432 3207 586 3260 litteraires
608 3207 647 3276 (=
664 3207 745 3269 Jahn,
767 3209 874 3259 Brutus
893 3205 1088 3275 Einleitung);
1110 3207 1135 3258 J.
1158 3205 1279 3266 Martha,

214 3289 329 3346 Brutus,
351 3286 471 3346 lotrad,
495 3307 523 3358 p.
545 3306 635 3346 rx-x1;
656 3288 690 3340 0.
711 3286 884 3348 Harnecker,
909 3285 1003 3338 Cicero
1025 3284 1083 3338 rand
1096 3284 1143 3338 die
1158 3285 1277 3344 Attiker,

214 3369 292 3420 Neue
315 3366 493 3420 Jahrbitcher
512 3367 561 3435 frti·
583 3367 742 3436 Philologie
767 3365 825 3418 und
848 3364 1027 3435 Pudadogik,
1060 3365 1169 3426 CXXV,
1201 3366 1279 3426 1882,

214 3467 242 3518 p.
268 3449 387 3500 601-611
411 3467 416 3508 ;
443 3447 661 3508 Radermacher,
690 3447 780 3500 [leber
802 3445 850 3498 die
873 3447 1005 3514 Anfdnge
1029 3443 1079 3498 des
1103 3444 1278 3503 Atticismus,

214 3526 398 3580 Rbeinisches
420 3529 558 3586 Museum,
584 3530 617 3578 Ν.
642 3529 683 3586 F,
710 3527 781 3587 LIV,
803 3527 881 3587 1899,
903 3545 931 3596 p.
949 3526 1089 3584 351-374;
1110 3525 1218 3583 Calvus,
1235 3525 1280 3577 ed.

216 3608 459 3666 Plessis-Poirot;
482 3606 903 3667 Wilamowitz-Moellendorff,
925 3605 1106 3659 Asianismus
1128 3603 1186 3657 und
1206 3605 1282 3656 Atti-

215 3687 327 3746 cismus,
351 3690 478 3746 Hermes,
502 3688 612 3750 XXXV,
636 3689 714 3749 1900,
736 3706 765 3758 p.
787 3687 872 3746 1-52;
896 3686 1011 3748 Curcio,
1032 3689 1073 3738 De
1093 3684 1234 3737 Ciceronis
1256 3692 1283 3737 et

218 3767 295 3820 Calvi
312 3768 542 3841 reliquorumque
561 3767 721 3820 Atticorum
741 3774 803 3819 orte
823 3764 939 3818 dicendi
954 3765 1157 3838 quaestiones;
1175 3764 1282 3817 Schlit-

216 3847 361 3909 tenbauer,
388 3849 440 3901 Die
464 3847 591 3901 Tendens
613 3865 662 3900 von
684 3848 793 3900 Ciceros
816 3849 938 3906 Orator,·
960 3846 1078 3906 Haenni,
1097 3844 1149 3897 Die
1171 3844 1283 3897 littera-

216 3927 307 3980 rische
327 3927 419 3980 Krine
440 3928 469 3980 in
490 3927 600 3981 Ciceros
623 3948 635 3977 u
657 3930 764 3979 Brutus
785 3949 810 3988 n,
832 3947 860 3997 p.
881 3927 975 3987 14-15,
997 3925 1097 3984 57-62;
1120 3926 1145 3977 J.
1168 3925 1282 3985 Girard,

215 4006 324 4060 Etndes
344 4026 394 4060 sur
414 4008 584 4081 l'e'loquence
602 4008 721 4080 attique,
744 4027 772 4078 p.
795 4007 891 4068 66-69,
908 4008 959 4066 71;
978 4006 1102 4067 Norden,
1120 4004 1173 4057 Die
1188 4004 1284 4057 antike

215 4090 404 4160 Kunstprosa,
423 4108 451 4159 p.
470 4088 600 4139 219-221.

253 4167 278 4218 3.
301 4168 342 4219 De
358 4167 421 4229 Or„
438 4168 463 4229 3,
481 4168 524 4228 14,
540 4168 584 4220 53.

252 4248 277 4298 4.
300 4247 362 4308 Or.‚
381 4248 423 4309 23,
440 4248 489 4307 75;
507 4248 550 4311 25,
567 4248 619 4308 83;
637 4248 680 4311 26,
697 4249 740 4300 90.

252 4328 277 4380 5.
300 4328 363 4390 Or.,
379 4329 421 4390 26,
437 4328 480 4380 91.
