3062 5050
266 459 301 515 78
336 474 481 515 cerur1v.
496 488 529 498 —
544 473 613 524 oum
625 473 776 514 crcunonus
789 473 819 513 m
832 472 909 513 auru
924 474 1090 515 nnaromcl
1104 474 1258 515 rnorruuu

266 631 355 698 nego
367 609 375 653 ¹
388 634 395 690 ;
409 608 547 675 sednon
558 607 680 673 mirum
691 617 744 674 est
755 606 789 672 id
799 607 998 676 Ciceronem
1009 610 1137 700 egisse,
1150 610 1207 700 qui
1217 609 1286 676 iam
1296 610 1332 676 in

266 724 363 792 libris
378 724 419 791 de
437 723 635 791 Inventione
648 723 839 791 Stoicorum
850 723 1028 792 dialectica
1039 725 1082 791 ad
1093 725 1332 793 illustrandam

267 840 461 908 inveniendi
478 849 586 906 artem
600 861 685 906 usus
702 850 795 907 esset
809 842 833 905 2.

313 955 362 1019 Εο
373 953 507 1021 facilius
519 955 640 1023 Cicero
652 955 820 1023 adductus
830 968 884 1025 est
899 967 936 1024 ut
950 957 1067 1025 varias
1082 957 1329 1041 institutiones,

267 1092 353 1159 quas
374 1094 394 1136 a
414 1070 592 1161 magistris
615 1071 793 1154 didicerat,
811 1073 900 1140 inter
920 1097 956 1140 se
972 1075 1219 1156 commisceret,
1241 1073 1332 1165 quod

269 1185 396 1275 Topica
410 1185 445 1252 in
460 1187 693 1277 navigatione,
707 1211 782 1254 cum
793 1189 898 1256 libros
914 1213 981 1256 non
996 1190 1149 1272 haberet,
1164 1191 1331 1281 conscrip-

268 1301 324 1368 sit.
344 1305 436 1369 Haec
454 1303 542 1370 enim
562 1302 637 1393 ipse
653 1303 701 1370 ait
719 1330 725 1371 :

307 1444 351 1506 Ut
365 1445 504 1527 primum
521 1444 612 1508 Velia
627 1446 779 1528 navigare
799 1447 901 1529 coepi,
924 1447 1047 1509 institui
1067 1448 1188 1531 Topica
1207 1449 1332 1510 Aristo-

267 1534 350 1595 telea
370 1534 583 1609 conscribere,
606 1535 646 1596 ab
670 1535 741 1616 ipsa
762 1536 842 1597 urbe
864 1538 1087 1611 commonitus,
1112 1538 1333 1600 amantissima

267 1623 325 1684 tui.
343 1622 424 1684 Eum
441 1623 558 1685 librum
574 1624 631 1685 tibi
647 1623 720 1685 misi
736 1623 839 1708 Regio
855 1626 1020 1708 scriptum.
1039 1625 1141 1701 Fam,
1160 1633 1187 1701 7,
1207 1633 1253 1688 19.

309 1711 405 1787 Haec,
423 1732 494 1772 cum
511 1733 635 1773 mecum
651 1713 752 1774 libros
767 1734 830 1775 non
846 1714 1009 1789 haberem,
1027 1717 1181 1777 memoria
1197 1717 1333 1798 repetita

268 1801 301 1861 in
330 1801 401 1883 ipsa
429 1801 634 1884 navigatione
667 1803 843 1884 conscripsi
878 1803 999 1886 tibique
1033 1824 1072 1865 ex
1105 1805 1218 1866 itinere
1247 1804 1330 1865 misi.

268 1889 363 1972 Top.,
384 1896 410 1964 1,
429 1895 457 1951 5.

270 2026 275 2036 '
313 2034 410 2120 Quae
426 2057 493 2100 non
509 2033 608 2100 modo
624 2033 716 2101 nulla
732 2034 819 2101 ratio
834 2046 888 2102 est
900 2059 960 2103 cur
974 2035 1009 2102 in
1019 2036 1159 2104 dubium
1168 2046 1334 2103 vocentur

269 2149 330 2216 sed
359 2173 434 2216 cum
462 2148 538 2239 ipsa
567 2149 672 2216 totius
702 2150 806 2216 libelli
834 2150 946 2218 indole
976 2151 1101 2241 optime
1125 2162 1330 2242 congruunt.

269 2266 380 2350 Quam
400 2264 489 2330 enim
509 2264 691 2332 Trebatius
708 2266 794 2332 scire
811 2266 969 2356 cupiebat
988 2268 1138 2334 locorum
1157 2267 1333 2334 invenien-

268 2381 387 2448 dorum
408 2379 573 2447 rationem
595 2380 715 2449 Cicero
734 2381 880 2471 primum
900 2383 1038 2472 exponit
1052 2387 1082 2464 33
1100 2383 1234 2462 deinde,
1258 2406 1333 2450 cum

268 2498 336 2564 otio
361 2497 395 2562 in
418 2496 638 2586 navigatione
661 2497 822 2580 abundet,
846 2498 913 2564 alia
937 2499 1039 2565 etiam
1061 2498 1156 2565 addit
1179 2523 1266 2590 quae
1291 2498 1333 2565 ad

268 2613 462 2680 institutum
483 2636 569 2702 opus
592 2636 658 2679 non
678 2613 862 2703 pertinent,
883 2613 924 2680 de
949 2614 1207 2704 quaestionibus
1227 2613 1333 2680 finitis

268 2728 489 2820 infinitisque,
507 2728 548 2794 de
565 2728 725 2808 statibuS,
739 2729 780 2795 de
797 2728 1010 2820 singularum
1025 2752 1206 2797 causarum
1221 2729 1332 2796 delen·

270 2845 436 2925 sionibus,
459 2844 500 2911 de
522 2842 706 2934 generibus
727 2844 949 2936 partibusque
965 2845 1156 2912 orationum
1171 2845 1194 2910 4.
1215 2847 1332 2935 ltaque

269 2969 360 3027 recte
377 2959 547 3026 concludit
565 2985 572 3026 ε

309 3102 358 3164 Ad
374 3102 405 3164 id
421 3110 527 3163 autem
539 3101 624 3184 quod
639 3111 670 3163 te
680 3102 761 3164 velle
772 3123 936 3164 senseram
943 3102 1106 3164 ¹cumulate
1122 3103 1200 3164 satis
1215 3102 1333 3163 lactum

269 3212 340 3253 esse
364 3191 460 3253 debet
482 3190 639 3252 voluntati
668 3200 752 3252 tuae.
783 3191 875 3265 Nam,
904 3212 943 3253 ne
967 3191 1175 3274 praeterirem
1200 3189 1331 3273 aliquid,

269 3279 354 3363 quod
370 3280 410 3341 ad
426 3288 653 3363 argumentum
669 3280 701 3340 in
716 3281 803 3341 omni
819 3279 941 3341 ratione
957 3279 1181 3362 reperiendum
1196 3280 1333 3361 pertine·

269 3378 328 3444 ret,
345 3368 448 3451 plura,
466 3389 562 3452 quam
578 3378 641 3430 ate
657 3367 838 3430 desiderata
848 3377 948 3442 erant,
963 3389 1034 3430 sum
1046 3369 1243 3450 complexus,
1257 3367 1333 3429 leci-

269 3478 331 3541 que
351 3457 435 3540 quod
461 3478 557 3540 saepe
581 3456 730 3518 liberales
749 3457 932 3518 venditores
953 3457 1067 3531 solent,
1084 3466 1129 3531 ut,
1148 3478 1219 3518 cum
1238 3457 1333 3518 aedes

269 3546 442 3607 fundumve
452 3544 654 3607 vendiderint
669 3545 749 3607 rutis
761 3545 862 3608 caesis
878 3545 1026 3627 receptis
1040 3544 1217 3606 concedant
1227 3554 1334 3606 tamen

270 3635 389 3716 aliquid
410 3635 557 3716 emptori,
579 3633 664 3717 quod
684 3634 818 3695 ornandi
844 3654 940 3695 causa
960 3643 1033 3716 apte
1053 3643 1085 3696 et
1103 3634 1174 3695 loco
1193 3634 1334 3716 positum

270 3744 342 3786 esse
356 3723 521 3798 videatur;
540 3723 585 3784 sic
600 3723 658 3784 tibi
673 3743 732 3784 nos
752 3723 792 3784 ad
812 3722 844 3784 id
865 3724 949 3805 quod
969 3723 1060 3805 quasi
1080 3721 1240 3804 mancipio
1260 3724 1335 3784 dare

271 3812 451 3886 debuimus
470 3822 656 3873 ornamenta
675 3810 832 3894 quaedam
852 3812 1011 3873 voluimus
1031 3832 1094 3872 non
1117 3810 1225 3873 debita
1244 3832 1335 3873 acce-

270 3901 356 3964 dere.
374 3900 468 3982 Top.,
486 3905 534 3975 26,
553 3906 679 3962 99-100.

307 4091 331 4140 1.
350 4091 450 4159 Supra,
464 4108 493 4159 p.
511 4090 554 4140 52.

306 4171 331 4220 2.
350 4170 450 4239 Supra,
467 4189 495 4240 p.
513 4169 607 4220 52-53.

306 4250 330 4300 3.
349 4249 431 4318 Top.,
449 4249 473 4308 2,
491 4249 566 4310 7-20,
585 4249 627 4300 78.

308 4330 332 4379 4.
350 4329 431 4398 Top.,
447 4329 490 4389 21,
509 4329 602 4389 79-26,
617 4328 661 4380 99.
