3062 5050
263 512 299 568 92
365 528 459 570 CAPUT
474 529 501 568 V.
519 542 551 551 ·-
568 528 722 578 QUATENUS
737 528 839 569 CICERO
855 527 1041 568 SENTENTIAM
1057 528 1228 568 MUTAVERl‘l'

310 662 405 748 Quae
420 684 502 729 vero
517 671 650 729 mutata
669 673 760 744 sunt,
779 685 819 729 ea
839 661 882 728 ad
906 661 1031 752 duplex
1050 684 1160 752 genus
1180 661 1335 728 referun-

264 788 320 844 tur
351 802 357 843 :
391 777 432 845 ad
460 776 545 844 artis
579 789 763 868 praecepta
792 787 826 845 et
853 777 895 844 ad
927 776 1068 846 latiores
1095 777 1261 868 quasdam
1292 777 1334 844 de

264 893 406 961 dicendo
422 893 624 960 sententias.
649 893 799 961 Primum
819 916 966 984 eaquae
985 892 1157 983 pertinent
1182 892 1225 960 ad
1248 892 1334 961 artis

263 1019 449 1100 praecepta
463 1008 656 1078 videamus.

667 1294 680 1367 ἓ
707 1289 737 1352 1.
763 1327 807 1336 -
832 1285 935 1362 Θέσεις

310 1507 465 1576 lnlinitas
487 1508 559 1575 sine
579 1518 731 1599 tempore
752 1518 785 1575 et
805 1509 879 1576 loco
901 1509 1123 1601 quaestiones
1143 1532 1230 1600 quae
1246 1511 1335 1587 θέσεις

264 1626 478 1693 vocabantur
492 1624 614 1693 Cicero
629 1624 775 1714 primum
791 1625 834 1692 ab
850 1624 996 1692 oratoris
1012 1625 1156 1692 materia
1172 1624 1331 1692 seiunxe-

264 1750 317 1808 rat
352 1744 668 1832 Hermagoramque
698 1740 964 1831 reprehenderat
992 1740 1083 1830 qnod
1116 1764 1175 1808 eas
1204 1740 1333 1809 oratori

265 1856 492 1924 attribuisset.

303 1998 384 2060 Nam
409 1997 626 2082 Hermagoras
651 1997 780 2082 quidem
805 2019 863 2060 nec
885 1998 961 2081 quid
983 1998 1068 2061 dicat
1089 1998 1254 2061 attendere
1275 2019 1334 2060 nec

263 2086 339 2170 quid
354 2086 543 2169 polliceatur
556 2086 745 2170 intellegere
756 2086 892 2162 videtur,
906 2087 959 2170 qui
972 2087 1108 2148 oratoris
1122 2088 1287 2149 materiam
1301 2088 1334 2148 in

263 2196 392 2238 causam
413 2184 445 2237 et
465 2175 497 2235 in
517 2175 737 2257 quaestionem
757 2175 887 2250 dividat,
907 2197 1036 2238 cansam
1057 2196 1128 2238 esse
1148 2175 1233 2238 dicat
1252 2197 1330 2251 rem,

263 2285 344 2347 qnae
368 2264 485 2326 habeat
509 2264 540 2326 in
563 2284 597 2326 se
618 2265 867 2326 controversiam
887 2265 919 2325 in
940 2264 1074 2326 dicendo
1098 2265 1236 2348 positam
1260 2287 1332 2327 cum

262 2373 472 2437 personarum
502 2362 660 2416 certarum
689 2353 962 2436 interpositione3
995 2374 1090 2436 quam
1119 2375 1178 2416 nos
1207 2374 1333 2436 quoqne

263 2442 381 2504 oratori
403 2441 538 2504 dicimus
560 2462 631 2504 esse
655 2442 864 2517 attributam3
887 2443 1107 2525 quaestionem
1130 2451 1236 2505 antem
1262 2464 1332 2505 eam

262 2530 413 2614 appellet,
430 2551 512 2612 quae
527 2530 644 2602 habeat
658 2530 691 2590 in
711 2551 745 2592 se
765 2532 1015 2594 controversiam
1036 2532 1068 2592 in
1089 2531 1224 2593 dicendo
1243 2532 1332 2614 posi-

261 2629 326 2682 tam
358 2619 426 2681 sine
457 2628 616 2682 certarum
646 2639 858 2703 personarum
890 2620 1144 2704 interpositione,
1175 2619 1216 2682 ad
1247 2620 1332 2682 hunc

263 2708 392 2770 modum
408 2730 414 2769 :
432 2735 444 2764 «
463 2707 577 2791 ecquid
593 2708 634 2771 sit
648 2708 767 2769 bonum
784 2717 911 2791 praeter
927 2710 1151 2771 honestatem?
1165 2735 1178 2765 »
1196 2736 1209 2765 «
1224 2710 1332 2772 verine

263 2797 327 2859 sint
346 2798 486 2860 sensus?
506 2823 518 2854 »
544 2824 556 2853 «
580 2817 661 2880 quac
681 2797 724 2858 sit
743 2798 852 2859 mundi
872 2797 999 2859 forma?
1020 2823 1033 2854 >t
1058 2824 1070 2854 «
1093 2818 1174 2880 qnae
1194 2798 1236 2860 sit
1255 2799 1332 2860 solis

263 2886 476 2969 magnitudo?
494 2911 506 2942 u
528 2885 620 2970 Quas
639 2889 847 2967 quaestiones
860 2887 986 2968 procul
1002 2887 1044 2947 ab
1063 2889 1207 2947 oratoris
1227 2889 1333 2970 officio

263 2985 405 3035 remotas
433 2973 526 3038 facile
555 2995 666 3036 omnes
696 2974 885 3060 intellegere
914 2975 1145 3038 existimamus.
1180 2975 1264 3051 lnv.‚
1298 2984 1330 3050 1,

262 3067 291 3136 6,
309 3067 339 3124 8.

307 3208 432 3272 Postea
447 3215 573 3286 autem,
591 3217 625 3272 et
642 3234 657 3268 α
679 3206 897 3296 antiquorum
918 3235 934 3270 n
960 3206 1127 3276 rationem
1148 3217 1181 3274 et
1197 3207 1332 3275 Acade-

262 3319 426 3387 micorum
446 3333 598 3404 secutus,
620 3346 680 3389 eas
701 3323 845 3389 maxime
861 3323 1009 3390 oratoris
1029 3323 1186 3414 proprias
1202 3323 1332 3390 iudica·
1369 3347 1371 3351 ·

260 3435 322 3516 vit,
349 3434 509 3503 iniisse
534 3436 697 3517 exercuit,
721 3437 764 3503 iis
788 3437 934 3503 maxime
961 3437 1119 3505 exornari
1143 3439 1332 3506 orationem

261 3550 407 3641 putavit.
425 3552 571 3637 Quando
587 3551 792 3619 sententiam
808 3552 848 3619 de
865 3576 905 3619 ea
921 3577 956 3620 re
968 3553 1151 3620 mutaverit
1166 3577 1227 3642 pro
1239 3566 1332 3622 certo

263 3665 404 3734 delinire
433 3690 500 3735 non
527 3690 738 3758 possumns3
770 3667 917 3735 libenter
945 3668 1159 3750 crediderim,
1190 3669 1259 3736 iam
1292 3693 1332 3737 eo

263 3804 352 3854 anno
366 3805 434 3872 quo
451 3782 583 3850 Philoni
598 3783 692 3850 dedit
707 3806 846 3873 operam
859 3785 867 3828 ¹
881 3810 888 3865 ;
902 3808 969 3851 non
985 3794 1099 3851 tamen
1115 3795 1250 3852 constat
1265 3786 1333 3852 nisi

262 3898 304 3965 de
325 3907 477 3986 tempore
497 3921 564 3988 quo
588 3897 694 3965 libros
721 3899 761 3966 de
788 3899 934 3967 Oratore
961 3899 1119 3990 scripsit;
1147 3910 1219 3967 tum
1242 3901 1332 3967 enim

264 4023 354 4082 certe
389 4035 584 4080 communes
622 4013 842 4105 quaestiones
884 4015 1135 4083 commendavit
1170 4039 1233 4083 nec
1272 4039 1332 4084 eas

263 4138 383 4221 postea
404 4128 651 4220 magnifacere
673 4129 816 4198 destitit.

299 4372 324 4422 1.
341 4371 435 4433 Brut,
455 4370 498 4434 89,
516 4371 577 4423 306.
