3086 5040
277 487 293 550 l
336 509 428 550 cneus
442 501 462 548 1.
480 522 512 531 -
528 499 752 558 columnarum
769 499 959 548 nunromcnu
975 509 1007 548 ιι.
1024 507 1147 548 TULLIUS
1163 503 1285 548 nocuum

277 643 471 712 memoriter
490 641 683 732 conscripta
704 651 796 725 sunt,
813 652 929 709 tamen
948 642 1136 733 permultas
1157 641 1343 711 divisiones

277 759 452 828 continent
468 768 501 827 et
516 757 615 850 quasi
630 767 736 826 totam
755 758 797 825 de
812 756 1007 826 inventione
1023 758 1225 826 doctrinam.

319 879 391 944 Neo
403 875 438 941 in
452 873 631 942 rhetoricis
643 874 743 941 modo
754 873 851 941 libris
861 873 944 942 haec
955 873 1072 956 tradit,
1087 874 1148 941 sed
1160 872 1343 964 aliqnando

275 991 310 1058 iu
326 991 401 1060 aliis
421 991 582 1082 operibus
603 989 772 1081 quaedam
792 989 962 1058 rhetorica
981 999 1166 1080 praecepte
1184 989 1233 1057 ita
1252 1012 1343 1056 com·

277 1117 442 1175 memorat
456 1117 494 1174 ut
510 1105 682 1198 significet
697 1129 738 1173 ea
753 1105 819 1174 sibi
834 1129 901 1174 non
920 1105 1053 1173 inutilia
1071 1104 1182 1172 videri
1199 1129 1206 1172 :

315 1259 339 1320 E
356 1258 473 1342 quibus
490 1258 570 1319 locis
585 1257 677 1340 quasi
693 1257 853 1321 thesauris
869 1267 1060 1340 argumenta
1078 1257 1344 1341 depromerentur

212 1417 214 1422 ,
273 1349 371 1410 vestri
391 1348 511 1430 (Stoici)
527 1368 567 1409 ne
584 1347 738 1429 suspicati
758 1346 886 1430 quidem
902 1355 987 1421 sunt,
1006 1346 1187 1429 superiores
1204 1345 1343 1428 (Peripa-

272 1437 371 1518 tetici)
394 1447 500 1499 autem
522 1436 657 1497 artificio
678 1446 710 1498 et
730 1436 782 1498 via
801 1435 1011 1497 tradiderunt.
1031 1435 1120 1514 Quae
1136 1435 1265 1517 quidem
1285 1457 1343 1495 ars

273 1526 369 1587 efficit
389 1546 429 1588 ne
449 1545 581 1588 necesse
605 1525 647 1586 sit
665 1525 768 1586 isdem
789 1525 828 1586 de
848 1524 944 1586 rebus
965 1544 1093 1607 semper
1113 1524 1204 1606 quasi
1224 1523 1343 1586 dictata

273 1614 444 1677 decantare
459 1635 563 1696 neque
583 1635 602 1676 a
621 1613 893 1676 commentariolis
914 1613 981 1674 suis
996 1613 1172 1676 discedere.
1190 1612 1271 1674 Nam
1287 1613 1342 1714 qui

273 1703 353 1764 sciet
341 1701 579 1803 tuhiquidque
595 1703 681 1785 posit
682 1724 736 1772 um
757 1704 798 1765 sit
802 1722 953 1786 q,uaque
969 1702 1137 1776 coveniat,
1159 1701 1197 1775 is,
1215 1701 1342 1764 etiamsi

273 1791 350 1875 quid
365 1792 514 1853 obrutum
530 1791 600 1865 erit,
618 1802 675 1892 pot
663 1792 737 1854 terit
751 1811 863 1854 eruere
883 1811 1074 1892 semperque
1090 1810 1161 1852 esse
1181 1791 1214 1852 in
1233 1790 1341 1873 dispu-

272 1880 369 1942 tando
399 1901 487 1942 suus
517 1880 672 1981 Quodet
647 1901 674 1942 si
707 1881 847 1965 ingeniis
881 1881 1008 1963 magnis
1041 1875 1178 1963 praediti
1210 1879 1340 1963 quidam

272 1969 398 2031 dicendi
423 1970 548 2072 copiam
575 1970 643 2031 sine
665 1971 787 2031 ratione
809 1979 1058 2053 consequuntur,
1083 1992 1141 2031 ars
1162 1981 1272 2030 tantan
1280 1981 1342 2031 est

273 2059 342 2120 dux
357 2070 425 2120 cert
426 2061 477 2119 ior
491 2080 591 2140 quam
607 2070 665 2120 not
668 2082 741 2119 ura.
759 2059 842 2132 rin,
861 2064 890 2134 4,
908 2064 937 2134 4,
956 2065 1003 2121 10.

311 2147 355 2209 Ut
373 2148 406 2209 in
427 2148 533 2209 causis
553 2167 616 2208 non
637 2168 765 2230 semper
785 2148 905 2209 utimur
928 2147 1040 2210 eodem
1061 2159 1148 2210 statu
1173 2148 1228 2228 (sic
1253 2149 1338 2210 enim

272 2237 473 2320 appellamus
493 2237 782 2299 controversiarum
804 2238 972 2321 genera)...
995 2237 1090 2299 Tuso.
1107 2242 1136 2312 3,
1154 2242 1203 2312 33,
1222 2243 1269 2300 79.
1289 2236 1337 2299 cf.

272 2325 412 2400 deDiv.,
430 2331 458 2401 2,
477 2331 526 2401 26,
544 2325 703 2402 55;Fin.,
721 2331 749 2400 ίι,
767 2331 796 2401 3,
814 2331 843 2387 6.

318 2473 355 2536 ln
371 2469 457 2560 ipsis
478 2469 647 2560 epistulis,
665 2493 742 2537 cum
757 2492 902 2560 graecas
917 2493 1020 2538 voces
1037 2469 1079 2537 ad
1097 2456 1205 2538 artem
1224 2469 1339 2537 rheto-

272 2585 377 2652 ricam
405 2585 616 2676 pertinentes
641 2587 834 2676 usurpat
860 2595 932 2652 utm
956 2585 1149 2653 ostendite
1171 2608 1208 2652 se
1230 2595 1338 2652 artem

271 2699 363 2767 illam
383 2725 451 2768 non
470 2701 597 2791 sperni.

250 2892 259 2899 Μ
314 2815 456 2883 Accedit
476 2816 594 2907 quod
586 2841 620 2882 m
641 2819 759 2900 Brut,o
782 2816 894 2883 omnia
919 2815 1076 2906 aperiens
1096 2838 1183 2906 quae
1205 2815 1247 2882 ad
1267 2816 1337 2882 elo-

269 2940 443 3022 queniam
477 2954 575 2998 suam
607 2930 884 2998 conformandam
913 2941 991 2998 cont
977 2931 1097 2998 tulisse
1126 2929 1268 3013 iudicat,
1299 2954 1336 2997 se

269 3071 344 3115 cum
371 3046 446 3114 rhet
448 3047 564 3114 oribus
588 3047 737 3114 exerceri
760 3046 839 3115 solit
826 3057 897 3114 tum
925 3070 1001 3114 esse
1026 3055 1163 3127 narrat,
1190 3055 1223 3113 et
1247 3045 1337 3114 sicut

269 3187 350 3232 suos
366 3162 450 3230 iuris
467 3172 500 3229 et
514 3162 749 3253 philosophiae
771 3162 898 3253 magist
901 3186 957 3230 ros
978 3171 1165 3244 enumerat
1188 3161 1237 3228 sic
1257 3161 1336 3229 rhe-

268 3289 360 3346 tores
385 3302 452 3345 non
474 3278 572 3346 omitt
558 3278 619 3359 tit3
650 3279 816 3369 quosdam
844 3302 885 3345 ex
914 3279 963 3345 eis
993 3277 1175 3346 honorifice
1203 3276 1332 3358 laudat,

268 3395 483 3486 Molonisque
495 3394 710 3485 disciplinam
725 3393 791 3461 sihi
802 3393 948 3460 maxime
960 3417 1021 3484 pro
1024 3394 1129 3461 luisse
1141 3393 1243 3460 confit
1229 3403 1332 3460 t.etur

306 3545 427 3608 Moloni
448 3545 574 3607 Rhodio
590 3544 736 3607 dedimus
754 3565 885 3628 operam
906 3554 938 3606 et
957 3545 1057 3606 actori
1080 3564 1205 3606 summo
1225 3563 1334 3604 causa·

267 3644 385 3697 rumet
401 3635 566 3717 magistro.
584 3634 688 3708 Βιιι.,
706 3639 754 3708 89,
772 3640 830 3696 307
845 3635 895 3695 vel
911 3639 960 3695 90
977 3639 1073 3695 312².

307 3725 428 3786 Eodem
444 3733 551 3785 tamen
572 3683 715 3807 tempoie
736 3697 871 3785 Athenis
891 3723 976 3826 apud
998 3723 1138 3786 Demet'
1100 3732 1196 3786 trium
1217 3722 1333 3804 Syrum

265 3824 405 3875 veterem
422 3822 453 3874 et
467 3833 530 3874 non
546 3812 721 3895 ignobilem
738 3811 870 3872 dicenda
881 3813 1000 3894 integret
1002 3824 1116 3873 tumst
1104 3810 1334 3873 ι’-ιιιίιοειιιιι

266 3924 332 3965 cerr
330 3903 503 3962 solebam.
522 3901 600 3963 Post
614 3923 633 3962 a
648 3922 698 3962 me
713 3900 790 3962 Asia
809 3910 877 3963 tota
896 3909 1069 3984 peragrata
1089 3909 1138 3962 est
1152 3921 1224 3962 curn
1244 3921 1334 3962 sum-

301 4127 326 4177 1.
343 4126 399 4177 Eas
415 4125 532 4195 collegit
548 4127 582 4176 G
594 4124 723 4187 Ammon,
738 4124 850 4178 Βὶἅιιιν
862 4123 975 4193 ftlrdas
988 4124 1080 4196 lepor.
1098 4125 1192 4196 Gymmn
1205 4125 1330 4186 XXXIV,

266 4207 344 4267 1898,
359 4225 388 4276 p
404 4207 469 4258 732-
473 4206 533 4257 736.

301 4287 326 4336 2.
344 4286 388 4337 Cl.
406 4287 519 4344 Brutus,
537 4285 581 4337 ed.
595 4285 716 4346 Martha,
731 4304 759 4355 p.
773 4286 839 4344 225;
855 4285 944 4345 Marx,
957 4282 997 4335 ad
1010 4284 1192 4346 Herennium,
1206 4284 1330 4354 prolegq

265 4385 292 4436 p.
311 4367 371 4418 161.
