3062 5050
643 1184 797 1252 CAPUT
828 1187 875 1252 IV

298 1399 431 1514 Quid
458 1401 718 1493 Ciceronis
747 1404 800 1491 in
829 1406 941 1493 arte
969 1400 1223 1494 rhetorica

534 1555 803 1670 proprium
831 1553 989 1645 fuerit

271 1833 458 1920 Quaerenti
487 1834 568 1926 quid
597 1835 718 1905 Cicero
747 1835 883 1903 aliunde
912 1835 1098 1926 sumpserit
1125 1835 1294 1926 permulta

227 1949 323 2016 facile
356 1951 461 2018 menti
494 1944 695 2035 occurrunt3
729 1952 954 2043 investiganti
990 1976 1072 2021 vero
1105 1951 1186 2042 quid
1219 1951 1294 2042 ipse

227 2066 400 2156 proprium
430 2091 469 2134 ac
498 2091 597 2134 suum
626 2068 669 2135 ad
698 2068 916 2136 excolendam
951 2077 1058 2136 artem
1090 2068 1294 2136 rhetoricam

228 2182 392 2262 attulerit,
414 2183 588 2274 pauciora,
609 2193 647 2252 ut
667 2185 787 2266 fateor,
809 2185 1047 2252 observantur.
1068 2188 1173 2252 Immo
1188 2185 1295 2252 multa

230 2321 316 2387 quae
333 2298 503 2383 Ciceroni,
521 2299 620 2390 quasi
636 2300 680 2368 ab
696 2323 736 2367 eo
752 2301 946 2391 excogitata
966 2299 1161 2368 tribuuntur
1181 2324 1201 2366 a
1221 2301 1295 2391 qui-

227 2413 372 2481 busdam
397 2414 507 2482 doctis
533 2415 740 2501 hominibus,
764 2417 854 2507 apud
877 2416 1063 2506 scriptores
1084 2415 1294 2507 antiquiores

228 2531 459 2620 reperiuntur3
472 2556 558 2622 quae
569 2556 652 2600 vero
665 2533 755 2624 apud
770 2534 909 2601 eosdem
924 2556 991 2600 non
1006 2542 1144 2600 exstant
1158 2531 1294 2599 minime

228 2645 353 2714 idcirco
376 2671 395 2714 a
417 2647 582 2718 Cicerone
604 2648 745 2717 inventa
766 2649 1055 2730 demonstrantur,
1081 2672 1157 2716 cum
1179 2647 1295 2714 multis

228 2761 324 2830 libris
349 2763 406 2854 qui
430 2788 519 2832 nuno
544 2765 746 2832 interierunt
769 2765 819 2832 uti
843 2764 1002 2855 potuerit.
1026 2763 1165 2831 Minime
1190 2764 1296 2854 igitur

228 2880 373 2968 probare
393 2903 500 2948 oonor
515 2881 684 2971 permulta
703 2904 792 2948 nova
813 2905 832 2948 a
853 2881 1018 2951 Cicerone
1039 2882 1173 2970 prolata
1193 2903 1294 2960 esse;

229 3017 305 3061 eum
336 3005 451 3063 tamen
485 3007 602 3065 contra
636 2997 803 3088 quosdam
837 2995 1085 3065 defendendum
1113 3005 1208 3087 puto,
1239 2995 1297 3086 qui

229 3112 463 3182 nihilomnino
478 3114 509 3180 ei
524 3113 698 3204 proprium
713 3113 821 3181 fuisse
837 3113 1048 3181 arbitrantur
1065 3113 1086 3179 ¹.

274 3229 340 3297 Sed
363 3240 546 3321 antequam
568 3229 609 3297 de
633 3229 780 3320 singulis
802 3229 978 3297 doctrinae
1000 3226 1170 3319 capitibus
1193 3251 1297 3319 quae-

230 3367 314 3428 ram,
332 3345 557 3412 examinanda
573 3356 626 3412 est
646 3344 731 3411 mira
747 3345 915 3435 quaedam
931 3343 1099 3411 sententia
1116 3367 1202 3434 quae
1218 3343 1298 3410 olim

229 3460 438 3528 incredibilis
463 3461 540 3528 visa
565 3471 670 3544 esset,
696 3483 784 3527 nunc
807 3484 889 3528 vero
914 3459 949 3526 in
973 3459 1046 3527 dies
1071 3459 1174 3526 latius
1199 3483 1297 3549 spar-

231 3576 347 3668 gitur:
379 3576 555 3645 Ciceronis
585 3599 690 3668 opera
719 3576 888 3644 rhetorica
912 3599 980 3643 non
1004 3575 1103 3643 modo
1128 3571 1299 3644 Graecam

229 3691 418 3760 doctrinam
442 3692 615 3776 exhibere,
639 3691 699 3760 scd
724 3716 765 3760 ne
791 3692 833 3759 ab
857 3691 933 3783 ipso
954 3690 1090 3782 quidem
1110 3689 1300 3780 composita

231 3833 319 3891 esse,
338 3832 426 3892 oum,
445 3819 503 3876 aut
519 3809 668 3877 dictante
689 3807 855 3899 magistro
876 3807 1016 3898 scripta,
1036 3817 1093 3874 aut
1113 3829 1130 3874 e
1152 3805 1299 3875 Graecis

265 4045 290 4094 1.
314 4063 326 4092 a
346 4043 468 4096 ciceron
486 4043 630 4095 lui-mdme
649 4042 787 4094 n’inventa
807 4042 869 4094 rien
887 4042 957 4093 dans
979 4059 1026 4093 ses
1041 4040 1136 4093 divers
1152 4039 1251 4092 traite‘s
1266 4040 1301 4093 de

233 4143 244 4172 ι(
265 4123 442 4194 rhetorique.
465 4143 477 4173 »
500 4123 605 4193 Egger,
629 4125 721 4191 Denys
746 4119 993 4182 d'Halicarnasse,
1016 4141 1044 4191 p.
1067 4121 1110 4172 38.
1133 4121 1175 4172 Ita
1194 4119 1301 4172 iamdiu

230 4204 312 4256 multi
328 4203 377 4256 alii
392 4212 572 4264 censuerunt,
589 4222 614 4253 v.
632 4220 659 4272 g.
677 4201 800 4254 Schiitz:
821 4221 832 4250 o
851 4203 881 4254 Si
901 4202 936 4253 de
954 4201 1072 4254 materia
1089 4210 1117 4254 et
1134 4210 1300 4270 argumento

233 4303 245 4332 c
265 4283 367 4336 horum
385 4283 525 4336 librorum
545 4283 590 4354 (de
609 4282 742 4350 Oratore)
761 4281 917 4352 quaeritur,
941 4281 1023 4334 facile
1042 4289 1121 4352 patet
1134 4279 1300 4332 Ciceronem
1356 4319 1359 4328 ,

233 4383 245 4414 a
267 4373 356 4418 totum
372 4381 386 4417 e
403 4363 521 4416 Graecis
534 4363 668 4434 pendere.
687 4383 699 4412 n
718 4361 768 4432 (De
786 4363 914 4421 Oratore,
927 4360 1048 4434 proleg,
1065 4380 1093 4430 p.
1108 4361 1192 4428 xxxi).
