3062 5050
256 450 293 507 60
370 467 467 508 CAPUT
486 466 528 508 111.
551 480 583 490 ··
605 467 674 516 QUID
695 465 929 508 RECENTIORIBUS
948 466 1050 507 CICERO
1068 466 1217 507 annuatur

257 601 412 684 adiungat
427 601 512 662 hunc
527 601 724 666 rhetoricum
739 620 832 662 usum
848 599 1175 683 exercitationemque
1191 599 1328 676 dicendi,

257 690 285 752 is
301 689 343 752 sit
356 710 461 765 verus,
480 689 507 750 is
527 689 700 772 perlectus,
720 689 747 751 is
767 689 855 751 solus
870 698 989 751 orator.
1012 688 1060 750 De
1077 689 1146 763 On,
1163 694 1192 762 3,
1211 694 1261 763 21,
1278 693 1328 751 80.

304 834 391 901 Cum
415 831 631 900 Academicis
654 855 727 900 mos
753 841 846 899 esset
869 841 988 899 contra
1009 831 1123 898 omnia
1145 830 1328 916 disserere,

258 948 380 1015 mirum
396 971 462 1017 non
474 957 528 1015 est
539 971 597 1014 eos
609 958 727 1015 contra
739 947 942 1015 rhetoricam
956 947 1165 1039 disputasse.
1182 951 1329 1016 Essetne

258 1086 315 1130 ars
341 1063 454 1154 aliqua
478 1064 612 1134 dicendi
637 1087 744 1154 eaque
768 1063 875 1143 utilis,
898 1063 1138 1154 antiquissima
1159 1063 1329 1131 contentio

258 1189 332 1246 erat
351 1181 374 1246 ¹.
398 1179 594 1247 Academici
617 1203 720 1269 saepe
742 1189 799 1246 aut
819 1180 946 1246 nullam
967 1189 1075 1246 artem
1097 1202 1173 1246 esse
1196 1179 1328 1248 dicendi

258 1305 318 1362 aut
333 1318 407 1362 earn
427 1295 581 1363 inutilem
601 1319 679 1362 esse
699 1296 951 1363 contendebant
973 1298 996 1361 ².
1021 1295 1058 1362 ld
1080 1295 1236 1364 Ciceroni
1256 1296 1328 1386 pla-

258 1435 334 1478 eere
351 1435 417 1478 non
433 1422 579 1502 poterat,
602 1411 660 1502 qni
680 1411 714 1477 in
734 1411 928 1502 eloquentia
948 1411 1123 1502 gignenda
1139 1421 1247 1478 artem
1262 1435 1328 1478 non

259 1526 435 1594 minimum
464 1528 580 1594 valere
611 1527 836 1596 arbitraretur
861 1531 885 1594 3.
912 1528 979 1595 Sed
1002 1528 1175 1595 addebant
1196 1527 1328 1594 Acade-

258 1642 336 1710 mici
352 1642 602 1733 philosophiam
618 1643 745 1711 oratori
765 1667 843 1710 esse
864 1643 1108 1720 necessariam,
1130 1667 1207 1710 curn
1227 1643 1328 1711 animi

257 1768 369 1826 motus
397 1746 544 1826 excitare
571 1783 670 1826 nemo
695 1769 815 1849 posset
838 1758 905 1826 nisi
929 1759 986 1849 qui
1011 1783 1069 1826 eos
1094 1770 1325 1850 pernosceret.

259 1875 380 1943 Cicero
407 1883 516 1941 artem
540 1875 745 1942 rhetoricam
768 1899 836 1943 non
861 1874 991 1957 reiecit,
1018 1875 1108 1967 quod
1133 1876 1328 1954 Academici

258 1992 421 2072 fecerant,
440 1990 501 2057 sed
517 1991 733 2058 Academicis
755 1990 948 2058 adsentitur
967 1990 1159 2059 dicentibus
1178 1992 1328 2082 philoso-

258 2105 1326 2197 phiamoratoridiscendam,animorummotuspernoscendos

259 2225 389 2312 ltaque,
407 2222 497 2313 quod
513 2222 587 2313 ipse
603 2223 638 2291 in
657 2223 831 2313 prooemio
847 2222 1010 2290 librorum
1026 2224 1067 2290 de
1084 2224 1231 2291 Oratore
1246 2234 1279 2292 et
1294 2225 1327 2290 in

260 2337 335 2405 aliis
351 2338 449 2406 libris
464 2339 477 2385 4
493 2339 650 2420 affirmat,
668 2338 758 2406 idem
774 2339 877 2406 refert
897 2363 917 2406 a
938 2339 1133 2408 Charmada
1152 2340 1327 2408 defensum

258 2464 375 2522 contra
392 2454 631 2522 Menedemum
647 2454 864 2546 disputante:
1285 2465 1289 2473 '

301 2597 510 2659 Charmadas
532 2618 608 2658 vero
630 2599 729 2661 multo
751 2598 882 2660 uberius
904 2597 1026 2660 eisdem
1046 2598 1085 2679 de
1105 2599 1202 2660 rebus
1220 2598 1326 2681 loque·

257 2685 362 2760 batur,
385 2706 448 2748 non
469 2706 532 2769 quo
553 2687 692 2769 aperiret
712 2687 903 2750 sententiam
927 2706 1017 2748 suam
1033 2723 1072 2731 —
1087 2687 1138 2748 hic
1158 2688 1243 2749 enim
1259 2707 1327 2748 mos

260 2876 356 2927 czwei
376 2873 526 2927 diametral
545 2885 813 2946 entgegengesetzte
832 2875 1059 2946 Behauptungen
1078 2876 1231 2946 proponirt
1254 2895 1325 2928 wer-

260 2975 272 3004 «
288 2957 351 3015 den,
366 2973 413 3006 um
429 2955 474 3006 die
488 2954 617 3024 logische
632 2955 833 3008 Aehnlichkeit
849 2957 900 3008 der
915 2954 1018 3007 beiden
1032 2955 1186 3008 Methoden
1201 2975 1235 3007 zu
1249 2957 1326 3008 einer

260 3054 272 3083 a
289 3033 517 3086 thatsttchlichen
528 3037 642 3087 werden
656 3055 689 3087 zu
706 3035 776 3087 sehn
793 3056 817 3086 i.
834 3035 896 3095 Dio,
915 3055 943 3105 p.
961 3036 1002 3088 85.

293 3116 318 3165 1.
341 3115 384 3166 cf.
412 3114 554 3185 Sudhaus,
580 3113 742 3168 Philodemi
771 3115 826 3168 Vol.
853 3114 946 3173 Rhet,
975 3117 996 3176 I,
1023 3135 1051 3185 p.
1077 3135 1162 3167 xxvn.
1190 3117 1326 3187 Disputa-

258 3196 363 3247 tionem
378 3194 456 3246 illam
471 3195 526 3246 iam
540 3214 555 3247 a
570 3194 685 3247 Platone
701 3196 820 3266 eiusque
840 3195 943 3264 Gorgia
962 3214 1026 3248 esse
1046 3197 1229 3266 repetendam
1250 3206 1326 3250 recte

258 3275 454 3327 animadvertit
479 3276 513 3326 G.
535 3275 664 3336 Ammon,
685 3275 799 3327 Bla'ttcr
816 3276 865 3343 [ἄν
884 3273 938 3327 das
960 3276 1064 3345 hayerl.
1089 3279 1194 3346 Gymn,
1215 3277 1324 3339 XXXV,

293 3436 318 3486 2.
331 3396 443 3486 ‘sextus
461 3435 634 3506 EmpiricuS,
652 3436 713 3487 adv.
730 3435 825 3496 Rhet,
844 3436 938 3496 20-42,
958 3454 986 3505 p.
1004 3437 1065 3496 678,
1088 3437 1200 3497 23-683,
1219 3438 1252 3488 16
1269 3436 1324 3504 (ed.

257 3515 391 3582 Belrlrer).
406 3515 450 3567 cf.
466 3516 598 3580 Quintil,
615 3517 639 3576 2,
655 3517 704 3574 173
720 3515 891 3575 Philodem.,
908 3516 929 3576 I,
948 3516 1044 3574 14-15;
1060 3518 1108 3575 16;
1127 3517 1175 3572 22ς
1193 3517 1324 3575 351136ος

258 3597 294 3655 ll,
318 3597 411 3656 71-72,
433 3597 519 3648 97-98
538 3597 593 3662 (98,
617 3598 670 3646 11;
692 3593 737 3648 καὶ
758 3593 922 3670 Κριτόλα1ος
943 3591 992 3648 οὐκ
1010 3593 1234 3670 ἀπαρ]νε[ἶ]ται);
1257 3598 1324 3656 100;

258 3677 401 3734 107-108;
428 3677 571 3733 125-126;
598 3677 632 3727 G.
656 3675 784 3736 Ammon,
808 3676 921 3728 Blatter
941 3676 990 3743 sr'i'r
1008 3675 1063 3728 das
1087 3676 1191 3746 hayerl.
1219 3679 1323 3746 Gymm,

257 3755 367 3816 XXXV,
385 3775 413 3824 p.
432 3756 679 3816 135-136;Lie1=s,
696 3755 838 3807 Rhetcren
858 3754 916 3807 and
935 3755 1128 3828 Philosophen
1149 3755 1186 3807 im
1205 3758 1327 3830 Kampsa

259 3853 305 3887 am
324 3833 371 3886 dic
393 3834 627 3893 Staatsweishcit
652 3855 679 3905 p.
699 3836 777 3887 9-10.
795 3835 913 3892 Olivier,
932 3833 967 3887 de
986 3835 1110 3887 Critolao
1123 3835 1323 3908 peripatetico,

257 3935 285 3984 p.
313 3915 407 3966 28-37.
434 3917 514 3978 Quos
539 3932 636 3967 omnes
661 3917 794 3986 antiquos
819 3924 1005 3986 recentesque
1028 3916 1195 3985 scriptores,
1222 3916 1326 3986 quibus

258 3995 407 4046 Ciceronis
423 3995 498 4046 dicta
513 3994 702 4056 illustrantur,
721 3997 853 4065 ignorare
868 3996 947 4046 visus
963 4005 1007 4048 est
1021 3995 1054 4046 A.
1068 3995 1169 4066 Lieby,
1183 4014 1246 4048 cum
1257 3996 1326 4049 hanc

259 4074 385 4126 eamdem
407 4075 602 4144 quaestionem
627 4085 761 4127 tractaret
786 4078 943 4143 (Qrtantam
960 4074 1164 4148 philosophiae
1183 4074 1323 4134 studio...,

294 4235 319 4285 3.
342 4235 443 4304 Supra,
461 4252 522 4304 cap.
540 4234 561 4284 l.

294 4315 320 4365 4.
342 4313 384 4367 De
400 4313 462 4376 Or.,
480 4316 503 4375 1,
522 4314 614 4376 5,17;
632 4314 693 4376 Or„
710 4317 735 4378 4,
758 4316 801 4377 14,
821 4323 874 4368 etc.
889 4333 894 4376 ;
910 4314 945 4367 cf.
964 4333 1060 4385 supra,
1078 4335 1106 4386 p.
1124 4317 1214 4378 13-15,
1230 4317 1325 4369 23-24.
