3086 5040
283 437 318 500 36
421 458 514 498 carus
533 455 564 498 11.
586 472 618 480 —
639 457 707 508 curo
727 456 741 496 u
757 455 893 508 xurrcms
910 457 924 494 n
943 457 1046 498 cmnac
1065 459 1213 499 cucusam

282 616 364 661 vero
379 592 421 659 de
440 619 456 656 (ε
474 592 614 660 sedibus
635 601 669 659 et
687 591 786 683 quasi
801 591 982 660 domiciliis
997 594 1154 661 omnium
1171 617 1351 684 argumen-

284 719 395 775 torum
418 709 427 754 ¹
452 736 468 771 »
490 707 524 775 in
549 707 698 775 secundo
723 708 764 775 de
785 709 930 776 Oratore
950 708 1100 775 breviter
1119 719 1347 798 expresserat,

285 823 403 891 eadem
419 822 527 891 fusius
543 822 578 890 in
596 851 611 887 κ
629 822 766 914 Topicis
783 823 999 891 Aristotcleis
1015 824 1028 868 2
1044 852 1059 888 »
1078 824 1276 915 explicavit;
1293 824 1350 914 qui

283 939 420 1031 quidem
434 940 521 1007 liber
532 939 633 1006 valde
646 962 755 1029 pauca
769 939 920 1007 continet
933 963 973 1006 cx
986 939 1183 1008 Aristotelis
1199 939 1347 1030 Topicis,

283 1079 345 1123 nec
370 1057 475 1123 multo
499 1057 598 1146 plura
623 1079 664 1122 ex
688 1055 841 1123 eiusdem
866 1055 1048 1124 Rhetorica
1072 1067 1208 1146 sumpta
1232 1058 1256 1139 ³,
1282 1079 1349 1123 non

281 1181 396 1238 tamen
417 1171 504 1238 lalsc
525 1197 541 1235 «
563 1171 793 1238 Aristoteleus
816 1199 832 1236 »
853 1181 1007 1255 vocatur,
1025 1196 1101 1239 cum
1117 1171 1160 1238 ad
1176 1171 1350 1261 Peripate-

282 1287 385 1354 ticam
410 1287 577 1354 rationem
604 1287 746 1354 accedat
769 1297 803 1354 et
828 1288 871 1355 ab
898 1291 1144 1379 Hermagorea,
1171 1310 1257 1379 quae
1281 1286 1348 1354 illis

282 1404 492 1494 temporibus
509 1403 608 1495 quasi
623 1427 768 1495 regnum
783 1404 934 1487 tenebat,
952 1404 1097 1471 maxime
1113 1403 1258 1471 dillerat.

328 1520 460 1587 Faciles
476 1542 600 1586 causas
616 1520 657 1587 de
677 1519 782 1587 finitis
803 1520 1063 1611 quaestionibus
1084 1519 1349 1588 adulescentulis

283 1659 302 1702 a
322 1635 516 1703 rhetoribus
531 1635 674 1726 proponi
691 1635 810 1703 solitas
827 1636 948 1704 Cicero
963 1636 1084 1704 leviter
1098 1645 1303 1727 aspernatur
1317 1636 1346 1704 4:

281 1751 533 1842 disputationes
552 1776 634 1820 vero
655 1752 696 1818 de
716 1751 857 1819 infinitis
878 1752 1137 1844 quaestionibus
1157 1775 1243 1843 quae
1262 1753 1349 1830 θέσεις

283 1890 302 1933 a
327 1867 471 1935 Graecis
494 1868 719 1950 vocabantur,
746 1878 784 1934 ut
808 1878 886 1935 ante
915 1867 1061 1935 diximus
1090 1869 1114 1950 ⁵,
1143 1866 1347 1935 utilissimas

282 1981 421 2050 iudicat.
445 1985 540 2049 Hanc
560 1982 837 2049 exercitationem
856 2007 958 2074 quam
977 1984 1064 2051 tanti
1084 1983 1231 2051 faciebat
1250 1983 1348 2050 Aris-

282 2099 442 2165 toteleam
457 2121 535 2164 esse
551 2097 792 2188 praedicabat:
813 2101 934 2165 «Haec
949 2098 1056 2189 igitur
1068 2098 1224 2190 quaestio
1239 2098 1349 2191 inquit

283 2241 299 2276 r<
321 2213 502 2304 apropriis
518 2214 675 2304 personis
692 2225 725 2281 et
743 2213 954 2306 temporibus
975 2215 1018 2282 ad
1037 2214 1189 2282 universi
1210 2214 1348 2306 generis

283 2356 299 2393 «
321 2329 509 2397 orationem
537 2329 694 2396 traducta
723 2331 914 2421 appellatur
942 2333 1025 2410 θέσις.
1054 2334 1091 2398 ln
1120 2331 1183 2398 hac
1210 2333 1348 2398 Aristo-

282 2471 298 2508 «
320 2447 406 2512 tedes
430 2445 673 2536 adulescentis,
698 2469 764 2513 non
787 2447 830 2513 ad
852 2447 1130 2538 philosophorum
1151 2470 1279 2515 morem
1301 2458 1348 2514 te·

282 2587 298 2624 a
320 2560 431 2627 nuiter
446 2560 651 2642 disserendi,
670 2561 730 2627 sed
741 2561 784 2628 ad
796 2561 928 2651 copiam
939 2562 1111 2630 rhetorum
1122 2563 1157 2629 in
1167 2573 1347 2655 utramque

281 2703 297 2740 (ι
319 2688 451 2766 partem
472 2687 509 2743 ut
528 2676 682 2744 ornatius
705 2687 741 2744 et
757 2675 897 2744 uberius
913 2677 978 2744 dici
994 2679 1105 2768 possit
1120 2679 1297 2746 exercuit6
1314 2707 1344 2746 s.

280 2795 386 2860 lmmo
406 2792 440 2859 in
460 2791 557 2859 libris
574 2792 614 2859 de
631 2794 776 2861 Oratore
793 2795 943 2861 Crassus
959 2793 1007 2860 ita
1022 2804 1232 2884 auguratur:
1253 2823 1269 2859 «
1287 2795 1347 2862 Sin

281 2907 405 2999 aliquis
441 2908 590 2975 extiterit
623 2909 817 2999 aliquando,
854 2907 912 2999 qui
944 2911 1150 2977 Aristotelio
1182 2933 1274 2979 more
1304 2910 1346 2977 de

279 3023 436 3092 omnibus
452 3024 555 3091 rebus
571 3024 605 3091 in
620 3035 798 3115 utramque
814 3035 946 3114 partem
961 3024 1072 3114 possit
1087 3025 1240 3094 dicere...
1254 3025 1284 3093 is
1301 3026 1347 3094 sit

212 3240 214 3243 .
315 3194 340 3245 1.
362 3195 403 3246 De
419 3194 481 3254 Or.,
500 3195 525 3254 2,
542 3195 662 3254 39,162.

315 3275 340 3325 2.
364 3293 376 3322 u
393 3274 430 3325 Ut
444 3275 567 3344 primum
579 3274 660 3325 Velia
675 3273 806 3343 navigare
822 3274 912 3344 coepi,
930 3274 1041 3325 institui
1054 3275 1160 3345 Topica
1172 3274 1347 3328 Aristotelea

279 3353 501 3406 conscribere».
519 3355 607 3414 Fam„
626 3354 709 3414 7,19.

313 3435 338 3485 3.
361 3433 400 3485 Ea
409 3433 686 3502 diligentercollegit
695 3433 725 3485 C.
737 3434 878 3495 Hammon,
891 3434 1092 3487 Commendatio
1101 3433 1136 3488 de
1145 3434 1286 3488 Ciceronis
1296 3437 1346 3487 Το-

276 3512 1347 3590 picis.Disputaverantanteadeeademre:Brandis,EinigeBemerkungc'n

278 3594 348 3648 ttber
371 3593 481 3646 Ciceros
503 3590 675 3644 Academico
699 3591 757 3645 und
780 3593 895 3668 Topica,
919 3594 1107 3646 Rheinisches
1127 3595 1266 3655 Museum,
1291 3595 1343 3655 ΙΙΙ,

278 3675 356 3734 1829,
374 3693 402 3743 p.
419 3673 549 3733 542-554,
566 3673 745 3742 praesertim,
763 3693 791 3742 p.
807 3674 922 3726 547-554
938 3692 943 3732 ;
961 3675 1055 3735 Klein,
1069 3676 1109 3726 De
1121 3673 1247 3742 sontibus
1263 3674 1345 3748 Topi-

277 3771 373 3805 corum
391 3751 541 3812 Ciceronis,
559 3771 587 3821 p.
604 3753 706 3812 25-59;
725 3752 858 3813 Wallies,
877 3754 917 3805 De
936 3753 1062 3821 fontibus
1081 3753 1248 3829 Topicorum
1265 3753 1345 3806 cice-

278 3832 375 3892 ronis,·
395 3832 514 3892 Thurot,
536 3830 632 3884 Etude
651 3850 702 3884 sur
715 3831 851 3893 Aristote,
869 3852 897 3902 p.
915 3833 1034 3885 266-267
1049 3853 1054 3892 ;
1071 3833 1240 3894 Thionville‚
1257 3835 1299 3886 De
1315 3833 1345 3886 la

278 3910 385 3964 theoria
400 3909 450 3963 des
463 3910 543 3964 lieux
554 3927 695 3963 commune
707 3910 780 3963 dans
792 3911 821 3964 la
833 3911 996 3984 rhetoriquc
1007 3911 1171 3974 d'Aristcte,
1187 3932 1213 3982 p.
1231 3913 1342 3964 93-102.
1404 3907 1407 3914 ’

277 3991 319 4042 Cf.
338 3989 419 4050 infra,
437 4007 497 4060 cap.
514 3990 561 4051 lv,
579 3989 592 4062 ἓ
607 3991 632 4041 2.

312 4071 337 4121 4.
360 4070 401 4121 De
416 4069 479 4130 Or.,
497 4070 522 4130 2,
540 4070 582 4131 27,
600 4070 649 4121 117
664 4088 669 4128 ;
687 4071 712 4130 2,
727 4071 770 4132 30,
788 4070 848 4130 130,
867 4089 963 4140 supra,
980 4090 1008 4141 p.
1026 4072 1068 4124 16.

312 4151 337 4202 5.
360 4150 461 4219 Supra,
480 4168 508 4219 p.
523 4150 566 4202 15.

312 4231 337 4282 6.
360 4230 422 4290 Or..
443 4229 485 4290 14,
507 4229 559 4286 4c;
579 4229 614 4280 cf.
638 4229 722 4298 Diog.
745 4229 851 4292 Laert,
873 4231 898 4292 5,
920 4232 944 4292 1,
967 4231 1003 4291 3;
1025 4230 1113 4293 Theo,
1130 4229 1209 4283 Rbet.
1232 4249 1273 4300 gr.
1295 4231 1342 4283 ed.

277 4307 409 4380 Spengel,
428 4309 464 4370 ΙΙ,
481 4327 510 4379 p.
527 4308 570 4370 69,
588 4309 614 4359 2.
