3086 5040
209 503 224 576 ἓ
235 505 260 560 2.
275 519 594 561 v—n1nu1nuormr0un
607 521 671 560 nuh
684 520 799 559 cennas
814 518 967 558 nannenus
980 518 1148 558 consenum
1159 517 1224 558 stur
1260 501 1277 556 5

210 655 269 715 mis
307 653 436 737 quidem
474 653 655 715 oratoribus
692 662 713 727 ⁴,
754 652 945 735 quibuscum
984 651 1163 712 exercebar
1197 651 1277 733 ipsis

209 743 402 816 lubentibus
430 763 565 825 quorum
590 752 659 804 erat
682 742 834 824 princeps
858 741 1032 823 Menippus
1063 740 1276 802 Stratonicen-

210 833 264 906 sis,
283 852 354 893 meo
374 831 491 893 iudicio
510 839 579 893 tota
601 831 679 892 Asia
698 831 761 892 illis
783 830 984 912 temporibus
1005 829 1274 891 disertissimus...

208 921 448 983 Adsidnissimc
468 929 575 981 autem
596 941 721 980 inerunt
740 921 808 1001 suit
830 919 1004 1000 Dionysius
1025 917 1182 1001 Magnes3
1209 928 1277 981 erat

209 1010 304 1071 etiam
340 1009 518 1091 Aeschylus
557 1008 701 1083 Cnidius,
740 1008 990 1089 Adramyttenus
1028 1007 1196 1069 Xenocles.
1237 1005 1276 1068 Hi

208 1107 275 1159 tum
304 1097 336 1158 in
365 1098 442 1159 Asia
471 1099 634 1159 rhetorum
663 1097 827 1180 principes
858 1089 1119 1158 numerabantur.
1152 1095 1276 1174 Quibus

208 1207 271 1248 non
296 1195 476 1261 contentus,
503 1186 652 1248 Rhodum
680 1186 763 1260 veni,
791 1206 905 1268 meque
930 1186 977 1247 od
1003 1186 1151 1246 eurndem
1181 1205 1275 1268 quem

209 1275 330 1337 Romae
360 1275 544 1337 audiveram
573 1276 739 1337 Molonem
769 1275 946 1356 applicavi,
978 1295 1050 1335 cum
1074 1283 1214 1336 actorem
1244 1273 1276 1334 in

208 1365 292 1426 veris
317 1364 423 1426 causis
446 1365 701 1447 scriptoremque
725 1371 943 1446 praestantem
967 1373 1036 1425 tum
1065 1363 1097 1423 in
1126 1363 1276 1424 notandis

208 1453 563 1536 animadvertendisque
584 1454 671 1514 vitiis
695 1463 727 1514 et
750 1452 946 1513 instituendo
968 1451 1176 1534 docendoque
1198 1473 1275 1535 pru·

209 1542 443 1604 dentissimum.
462 1541 492 1604 ls
507 1542 595 1604 dedit
614 1562 757 1625 operam,
776 1541 803 1601 si
824 1540 919 1602 modo
938 1540 970 1601 id
991 1541 1143 1623 consequi
1159 1541 1273 1622 potuit,

209 1639 244 1691 ut
259 1631 393 1692 nimium
414 1631 630 1692 redundantes
649 1651 708 1691 nos
728 1640 760 1692 et
779 1650 877 1712 supra
897 1630 1031 1691 iluentes
1051 1629 1180 1691 iuvenili
1200 1650 1275 1712 qua·

209 1720 282 1780 dam
297 1719 424 1781 dicendi
439 1720 629 1802 impunitate
640 1730 672 1782 et
686 1719 814 1780 licentia
830 1719 1028 1800 reprimeret,
1042 1728 1074 1780 et
1084 1718 1175 1800 quasi
1186 1728 1276 1780 extra

209 1808 295 1891 ripas
315 1808 488 1870 dillluentis
509 1818 680 1871 coerceret.
707 1808 754 1870 lta
775 1808 883 1889 recepi
905 1828 956 1869 me
976 1807 1104 1868 biennio
1124 1817 1198 1889 post
1212 1827 1275 1868 non

209 1897 304 1959 modo
320 1900 532 1959 exercitatior·
548 1898 604 1960 sed
619 1918 720 1980 prope
734 1906 885 1958 mutatus.
903 1897 1006 1970 Brut,
1024 1902 1073 1970 91,
1086 1901 1232 1958 315-316.

208 2146 221 2219 5
242 2141 273 2204 2.
295 2179 339 2188 -
360 2141 480 2208 Libri
499 2142 552 2208 de
570 2141 755 2209 Oratore
775 2158 881 2208 num
902 2145 1056 2208 eontra
1075 2139 1275 2208 rhetores

563 2257 800 2341 conscripti
820 2257 919 2323 sint.

253 2449 418 2518 At'sacile
443 2459 497 2518 est
524 2474 565 2516 ex
586 2449 682 2517 libris
698 2449 749 2532 de
778 2451 924 2519 Oratore
946 2452 959 2494 2
979 2449 1086 2516 multa
1113 2449 1273 2540 colligere

211 2589 296 2656 quae
313 2564 529 2656 apertissime
546 2575 664 2633 eontra
679 2565 833 2634 rhetores
849 2565 940 2633 dicta
953 2564 1136 2632 videantur
1153 2591 1159 2631 :

248 2708 312 2771 Nec
327 2708 405 2769 mihi
419 2729 502 2791 opus
517 2718 567 2771 est
581 2709 706 2772 Graeco
721 2710 828 2792 aliquo
844 2709 976 2770 doctore
991 2708 1045 2791 qui
1059 2708 1136 2769 mihi
1147 2707 1274 2791 pervol-

210 2807 283 2881 gata
303 2807 476 2880 praecepta
495 2797 643 2860 decantet
664 2818 736 2859 cum
757 2798 826 2881 ipse
846 2818 1020 2881 numquam
1045 2797 1160 2872 forum,
1184 2818 1272 2858 num-

210 2907 303 2968 quam
319 2885 419 2948 ullum
435 2886 587 2947 iudicium
603 2888 774 2969 aspexerit.
792 2887 840 2948 De
856 2886 924 2959 Or.,
943 2892 971 2961 2,
991 2891 1037 2960 18,
1056 2892 1104 2948 75.

248 2974 415 3036 Nullum...
437 2975 531 3037 nobis
551 2985 712 3038 certamen
733 2996 804 3037 cum
824 2978 895 3037 istis
917 2995 988 3037 esse
1009 2975 1114 3038 debet.
1136 2973 1273 3036 Tantum

209 3064 285 3126 satis
310 3073 359 3126 est
381 3065 517 3147 intelligi
542 3085 582 3126 ne
601 3065 662 3126 hoc
686 3065 815 3148 quidem
836 3085 891 3126 eos
911 3073 1111 3138 consecutos
1134 3063 1218 3146 quod
1241 3064 1273 3124 in

208 3162 295 3214 tanto
310 3154 375 3215 otio
391 3153 487 3216 ctiam
504 3154 572 3215 sine
587 3154 647 3215 hac
662 3153 781 3215 forensi
795 3154 1023 3216 exercitatione
1039 3153 1162 3214 efficere
1178 3162 1273 3234 potu-

209 3252 310 3316 erunt,
328 3252 363 3304 ut
378 3263 497 3325 genera
513 3263 620 3304 rerum
640 3242 868 3317 discernerent,
887 3263 987 3326 eaque
1007 3243 1103 3325 paulo
1123 3242 1273 3324 suptilius

208 3331 412 3413 explicarent.
432 3331 480 3392 De
496 3330 565 3405 On,
583 3335 612 3405 2,
630 3337 679 3404 32,
699 3337 765 3393 139.

248 3419 416 3498 Quomodo
432 3441 515 3481 nunc
531 3440 565 3481 se
582 3425 718 3482 istorum
734 3431 823 3481 ortes
840 3420 968 3494 habent,
986 3420 1274 3502 pertimescendast

210 3508 377 3570 multitudo
392 3529 598 3570 causarum...
616 3509 664 3571 De
680 3508 748 3582 Or,
767 3514 794 3583 2,
812 3515 861 3583 32,
881 3514 947 3570 140.

250 3596 369 3661 Omnes
384 3600 474 3675 istos,
491 3619 542 3660 me
558 3609 697 3673 auctore,
716 3599 859 3660 deridete
879 3611 977 3679 atquc
997 3601 1200 3677 contemnite,
1218 3600 1272 3682 qui

208 3707 241 3746 sc
260 3688 388 3763 borum,
411 3689 470 3768 qni
486 3709 573 3748 nrinc
591 3690 638 3748 ito
658 3688 881 3769 appellantur,
904 3689 1071 3748 rhetorum
1091 3688 1272 3771 praeceptis

208 3796 334 3837 omnem
358 3786 520 3837 oratorum
542 3777 606 3837 vim
631 3777 816 3859 complexos
838 3797 910 3838 esse
936 3777 1141 3851 arbitrantur,
1168 3798 1271 3860 neque

209 3864 310 3926 adhuc
325 3885 420 3948 quam
437 3885 607 3947 personam
623 3874 754 3927 teneant
768 3875 823 3927 aut
837 3866 913 3948 quid
928 3865 1138 3949 profiteantur
1158 3866 1271 3928 intelli-

208 3974 285 4037 gere
299 3963 481 4036 potuerunt.
499 3954 547 4015 De
563 3954 632 4029 Or.,
650 3959 678 4028 3,
699 3959 745 4029 14,
764 3959 812 4016 54.

249 4041 282 4104 Si
297 4043 375 4104 satis
390 4063 461 4105 esse
477 4043 596 4125 putatis
613 4064 660 4118 ea,
679 4063 760 4126 quae
780 4045 836 4104 isti
853 4046 1031 4126 scriptores
1046 4046 1129 4106 artis
1144 4044 1269 4119 docent,

210 4292 222 4342 f
243 4215 268 4264 1.
292 4213 413 4266 Graecos
436 4213 502 4266 illos
520 4222 649 4266 oratores
671 4211 808 4287 (ῥήτορες)
829 4231 893 4266 vere
912 4214 1044 4267 rhetores
1070 4215 1159 4267 fuisse
1181 4215 1270 4267 mani-

220 4302 380 4425 estlusseeisilsi
395 4390 466 4445 quae
482 4373 510 4425 in
526 4373 648 4427 Oratore
664 4374 699 4443 (3,
719 4375 762 4445 12)
779 4374 921 4444 leguntur,
939 4384 1040 4446 postea
1054 4375 1145 4428 dicam
1159 4375 1194 4446 (p.
1215 4377 1269 4444 20).
