3086 5040
240 433 276 490 26
386 451 479 494 CAPUT
494 453 524 492 ll.
547 466 580 476 -
600 453 669 506 QUID
689 452 703 490 (1
720 453 856 503 altricum
873 452 887 492 l)
904 453 1010 494 CICERO
1029 455 1177 494 assuimur

415 746 428 818 5
454 741 485 806 2.
511 741 693 820 -Quid
719 742 903 810 Isocrati
928 742 1139 810 debuerit.

290 933 524 1024 sumpseritne
560 933 681 1002 Cicero
717 933 844 1024 aliquid
882 958 923 1000 es
960 934 1122 1001 Isocratis
1158 935 1313 1002 doctrina

244 1048 426 1132 rhetorica,
448 1048 637 1118 doctissimi
657 1049 795 1140 quidam
814 1049 880 1115 viri
900 1074 941 1116 ne
961 1050 1224 1117 examinandum
1238 1051 1313 1142 qui-

245 1163 321 1232 dem
332 1175 454 1255 putant
467 1167 475 1210 ¹
489 1191 496 1232 ε
510 1176 569 1232 aut
580 1165 670 1232 enim
682 1165 809 1232 nullam
820 1179 932 1232 artem
946 1165 989 1232 ab
1002 1169 1152 1233 Isocrate
1163 1190 1313 1258 unquam

245 1305 322 1348 esse
343 1281 506 1372 scriptam
528 1281 752 1362 arbitrantur,
775 1291 919 1348 autnon
940 1305 1015 1348 eam
1035 1305 1102 1372 qua
1123 1282 1245 1352 Cicero
1264 1283 1313 1349 uti

245 1395 405 1486 potuerit.

290 1511 479 1580 Fatendum
512 1513 650 1603 quidem
684 1523 737 1580 est
770 1513 983 1594 Ciceronem,
1021 1538 1097 1581 cum
1129 1514 1235 1581 libros
1271 1514 1312 1580 de

247 1629 445 1696 inventione
462 1628 612 1720 scripsit,
631 1629 795 1696 Isocratis
812 1639 920 1696 artem
936 1629 1087 1697 nondum
1103 1629 1310 1721 repperisse.

247 1748 339 1814 Haec
360 1744 448 1811 enim
469 1744 516 1811 ait
541 1771 548 1812 ε
575 1772 590 1808 o
616 1744 693 1811 Fuit
714 1756 867 1835 tempore
888 1745 1006 1812 eodem
1026 1770 1093 1836 quo
1109 1745 1314 1813 Aristoteles
1345 1753 1348 1758 ’

245 1884 393 1950 magnus
413 1870 447 1927 et
466 1860 590 1928 nobilis
611 1860 726 1928 rhetor
751 1864 941 1942 Isocrates;
963 1861 1060 1928 cuius
1082 1861 1192 1951 ipsius
1213 1885 1314 1952 quam

246 1987 379 2044 constet
403 1978 464 2064 (al.
489 1978 634 2064 constat)
660 2001 738 2043 esse
761 1991 875 2043 ortem
900 1979 913 2022 2
937 2001 1004 2044 non
1027 1977 1218 2044 invenimus
1242 1981 1255 2022 3
1281 2004 1311 2042 s.

246 2091 335 2177 Quid
351 2115 433 2159 vero
444 2092 486 2158 de
501 2091 559 2159 illo
574 2102 725 2182 tempora
742 2116 808 2182 quo
822 2093 855 2158 in
869 2092 966 2160 libris
979 2093 1019 2159 de
1032 2095 1178 2162 Oratore
1192 2121 1208 2156 o
1221 2086 1314 2160 Aris-

248 2234 264 2270 «
287 2207 441 2275 toteliam
463 2217 496 2274 et
521 2211 731 2276 Isocrateam
754 2209 920 2276 rationem
945 2208 1131 2276 oratoriam
1153 2209 1199 2272 »4
1223 2232 1314 2276 com-

246 2323 347 2414 plecti
361 2323 492 2390 voluit?
506 2327 626 2390 Nonne
644 2324 807 2391 Isocratis
823 2335 932 2390 artem
952 2334 1032 2391 tunc
1047 2325 1205 2416 legerat?

292 2438 479 2506 Diiudicari
499 2438 532 2504 id
553 2439 670 2530 nequit
688 2440 754 2506 nisi
773 2439 925 2507 breviter
946 2441 1137 2530 attingatur
1158 2439 1314 2531 quaestio

247 2554 468 2644 scripseritne
482 2579 643 2645 umquam
662 2567 770 2622 artem
787 2559 970 2623 Isocrates
991 2557 1172 2623 Affirmant
1188 2554 1315 2622 doctis-

247 2670 324 2736 simi
338 2670 403 2736 viri
420 2680 499 2760 post
514 2675 552 2736 L.
571 2671 733 2762 Spengel,
751 2672 808 2762 qui
827 2670 990 2762 reliquias
1009 2671 1094 2738 artis
1112 2671 1256 2738 Isocrati
1272 2672 1315 2739 ab

240 2786 397 2876 ,antiquis
425 2786 573 2853 tributae
600 2787 751 2878 collegit,
782 2788 945 2869 defendit,
974 2786 1161 2854 illustravit
1187 2789 1211 2854 ⁵.
1244 2791 1315 2854 Has

248 2902 364 2969 Baiter
380 2912 413 2968 et
429 2903 564 2991 Sauppe
579 2905 604 2985 ⁶,
621 2903 742 2970 deinde
760 2906 799 2972 C.
819 2905 943 2970 Muller
963 2907 974 2949 7
994 2903 1028 2970 in
1045 2927 1168 2994 corpus
1184 2903 1315 2971 Attico·

283 3111 305 3158 1.
332 3128 343 3156 a
356 3107 501 3159 lsokrates
517 3106 589 3158 kann
604 3107 645 3159 als
662 3107 764 3170 Quelle
780 3126 831 3176 gar
846 3107 923 3160 nicht
938 3109 966 3159 in
981 3108 1117 3161 Betracht
1127 3107 1271 3166 kommem
1285 3126 1315 3160 es

248 3188 302 3256 gab
318 3207 390 3238 zwar
405 3188 451 3239 ein
465 3187 622 3238 Handbuch
643 3187 694 3239 der
712 3187 851 3239 Rhetorilr
871 3198 953 3239 anter
973 3188 1080 3240 seinem
1102 3189 1226 3244 Namen;
1248 3187 1317 3240 aber

247 3269 297 3320 das
315 3287 372 3319 war
389 3269 467 3320 eines
492 3267 543 3318 der
568 3267 781 3335 gewdhnlichen
804 3267 1002 3319 Schulbiicher
1024 3285 1078 3319 von
1101 3268 1192 3319 denen
1214 3267 1316 3320 Cicero

248 3349 352 3418 genade
371 3348 464 3400 nichts
485 3348 589 3399 wissen
608 3347 682 3404 will;
701 3347 771 3398 auch
789 3347 899 3398 scheint
920 3365 950 3398 es
971 3357 1030 3399 erst
1044 3365 1098 3398 von
1113 3348 1167 3399 den
1183 3355 1317 3417 strengen

193 3443 195 3448 ·
247 3428 398 3480 Atticisten
413 3428 483 3479 nach
497 3428 616 3480 Ciceros
630 3428 692 3479 Zeit
708 3426 905 3494 ausgegraben
923 3445 956 3476 zu
975 3427 1045 3478 sein.
1069 3448 1080 3476 n
1102 3427 1195 3487 Kroll,
1221 3427 1316 3480 Cicero

248 3506 307 3559 and
321 3507 368 3560 die
383 3507 526 3565 Rhetoril,
544 3510 624 3560 Neue
642 3506 820 3559 Jatroacaer
836 3507 884 3573 fur
899 3505 953 3558 das
970 3506 1129 3560 llassiselie
1144 3507 1313 3567 Altertluim,

247 3588 295 3646 Vl,
315 3589 390 3646 1903,
409 3607 435 3657 p.
454 3589 515 3640 684.

283 3669 308 3717 2.
326 3666 390 3726 Ars,
415 3687 426 3714 a
446 3666 560 3719 naariae!
576 3688 598 3716 n.
618 3667 661 3717 Cs.
684 3685 779 3736 supra,
797 3685 824 3736 p.
844 3667 885 3726 15,
904 3686 930 3716 n.
951 3669 984 3724 13
1005 3666 1169 3720 Thesaurus
1190 3667 1317 3737 Linguae

249 3747 377 3804 Latinae,
397 3748 433 3805 ll,
450 3766 478 3816 p.
496 3748 556 3806 671,
573 3747 685 3806 54-652,
701 3748 726 3796 2.

284 3828 309 3877 3.
328 3827 396 3886 Ιην.,
415 3827 439 3884 2,
458 3827 482 3884 2,
499 3828 523 3878 7.

284 3907 309 3956 4.
328 3907 416 3964 Fam,
435 3907 459 3961 l.
477 3907 501 3965 9,
518 3906 560 3956 23.

285 3987 309 4036 5.
328 3983 479 4058 Συναγωγή
499 3987 614 4056 τεχνῶν,
630 3986 687 4038 sire
707 3985 812 4038 artium
831 3985 984 4060 scriptores
1004 3985 1040 4037 ab
1059 3985 1149 4037 initiis
1172 4004 1261 4058 usqae
1278 3985 1318 4038 ad

249 4064 341 4118 editos
356 4064 519 4117 Aristotelis
533 4064 568 4117 de
584 4065 726 4118 rhetorico
740 4064 837 4125 libros,
854 4085 881 4135 p.
900 4066 1029 4116 lle-172.

285 4147 310 4196 6.
330 4146 465 4197 Oratores
481 4144 571 4203 attici,
591 4146 626 4203 11,
642 4165 670 4215 p.
689 4147 814 4200 224-227,

286 4227 310 4276 7.
330 4226 464 4277 Oratores
485 4225 574 4283 attici,
599 4225 634 4286 11,
657 4244 683 4294 p.
712 4226 842 4277 319-322.
865 4257 901 4264 —
925 4226 1078 4277 Pauciores
1104 4226 1185 4277 locos
1209 4219 1319 4296 recepit

250 4305 343 4357 Blass.
369 4304 413 4357 Cl.
444 4304 580 4356 Isocratis
605 4305 758 4366 orationes,
789 4306 834 4376 ed.
862 4305 1108 4367 Benseler-BlasS,
1136 4306 1172 4367 ll,
1199 4325 1228 4376 p.
1255 4307 1316 4359 275.
