3062 5050
237 487 272 542 44
353 502 446 544 carur
465 504 507 543 ιιι.
529 517 561 527 ·-
581 504 650 553 curn
671 504 902 546 nscnumoaraus
920 505 1023 546 arcano
1042 505 1189 547 assurum

238 636 449 724 Quintiliano
463 661 469 704 :
485 665 501 701 «
516 641 553 705 ln
571 637 760 707 Rhetoricis
778 643 1015 730 Hermagoran
1026 650 1080 707 est
1095 650 1233 708 secutus
1246 668 1262 706 >r
1277 643 1300 708 ¹.

239 752 418 843 Reperitur
433 753 522 820 enim
537 753 571 820 in
586 753 683 822 libris
699 754 740 821 de
755 754 953 823 Inventione
967 778 1007 822 ea
1022 755 1302 824 constitutionum

237 867 361 935 divisio
385 892 472 958 quac
498 873 730 960 Hermagorae
756 869 894 961 propria
924 881 1009 938 erat.
1035 874 1124 939 Nam
1143 882 1304 962 quattuor

237 983 497 1052 constitutiones
522 984 811 1076 distinguuntur:
837 985 1089 1066 coniecturalis,
1112 987 1300 1069 definitiva,

238 1099 408 1190 generalis
422 1102 451 1188 (a
464 1123 539 1168 cum
550 1101 661 1192 qualis
677 1126 732 1168 res
749 1102 794 1169 sit
804 1102 979 1193 quaeritur
991 1104 1032 1190 a),
1046 1103 1252 1171 translativa
1267 1106 1300 1186 2;

237 1238 323 1307 quae
339 1239 415 1283 cum
437 1216 680 1307 Hermagoreis
695 1217 820 1307 optime
837 1228 1031 1308 congruunt
1046 1222 1069 1284 ³.
1088 1218 1118 1285 A
1134 1217 1300 1286 constitu-

236 1331 399 1413 tionibus,
429 1336 678 1423 Hcrmagoram
707 1343 858 1414 secutus,
887 1343 1052 1425 segregat
1081 1333 1301 1425 quaestiones

236 1448 367 1540 legales
383 1471 468 1538 quae
484 1447 518 1514 in
535 1448 662 1539 scripto
676 1460 860 1516 versantur
873 1450 901 1531 43
915 1449 1115 1541 exquirique
1130 1449 1301 1541 legalibus

237 1562 497 1655 quaestionibus
512 1587 598 1655 quas
615 1575 803 1646 enumerat,
823 1575 984 1657 quattuor
999 1575 1090 1633 certe
1112 1570 1301 1657 Hermago-

237 1703 315 1746 reas
332 1703 409 1746 esse
426 1679 658 1766 Quintilianus
677 1691 827 1749 testatur
845 1706 851 1747 :

277 1821 384 1900 Quare
404 1822 544 1904 primum
564 1842 668 1906 genus
689 1822 728 1885 de
748 1823 867 1906 scripto
888 1832 920 1885 et
939 1823 1107 1898 sententia,
1126 1823 1301 1885 secundum

236 1930 276 1971 ex
290 1911 458 1972 contrariis
472 1911 611 1994 legibus,
634 1911 762 1973 tertium
783 1913 982 1996 ambiguum,
1005 1921 1153 1995 quartum
1173 1912 1301 1974 ratioci-

131 1999 133 2006 '
237 1999 389 2073 nativum,
411 1999 557 2082 quintum
578 1999 775 2062 definitivum
796 2001 1008 2062 nominamus.
1032 2000 1111 2075 lnv.,
1135 2009 1161 2074 1,
1186 2006 1299 2074 13,17.

276 2087 342 2149 Nos
350 2088 390 2149 ad
400 2088 657 2172 Hermagoran...
669 2088 806 2172 Legales
815 2099 921 2150 autem
931 2090 1134 2172 quaestiones
1143 2090 1200 2150 bas
1209 2089 1299 2151 lecit:

237 2176 347 2258 scripti
371 2185 403 2238 et
423 2177 596 2239 voluntatis
621 2178 727 2260 (quam
752 2178 822 2261 ipse
844 2187 937 2240 vocat
961 2177 1029 2232 κατᾰ
1051 2177 1132 2254 ῥητὸν
1154 2178 1198 2232 καὶ
1222 2177 1301 2248 ὑπεξ-

236 2264 348 2340 αίρεσιν,
366 2265 398 2326 id
418 2274 467 2328 est
486 2265 606 2327 dictum
626 2275 658 2327 et
677 2267 908 2349 exceptionem,
926 2287 1061 2349 quorum
1080 2267 1170 2350 prius
1185 2267 1214 2329 ei
1229 2288 1300 2328 cum

237 2354 385 2415 omnibus
400 2375 568 2416 commune
588 2365 647 2429 est,
665 2356 861 2437 exceptionis
879 2376 994 2417 nomen
1015 2356 1120 2417 minus
1137 2356 1300 2437 usitatum)

237 2442 501 2518 ratiocinativum,
519 2444 750 2526 ambiguitatis
768 2444 877 2527 legum
893 2444 1134 2506 contrariarum.
1153 2444 1298 2524 Quintil,

236 2536 265 2606 3,
283 2537 312 2606 6,
329 2537 378 2593 61.
397 2527 445 2594 Cf.
463 2533 615 2615 August,
632 2532 727 2595 Rbet.
745 2533 800 2594 lat.
818 2533 908 2608 min,
925 2555 958 2617 p.
978 2538 1043 2609 143,
1064 2539 1163 2596 18-24.

283 2673 470 2764 Disciplina
489 2673 573 2742 haec
592 2675 634 2742 de
659 2675 960 2742 constitutionibus
983 2686 1016 2743 ct
1042 2675 1300 2767 quaestionibus

236 2789 407 2880 legalibus
434 2789 615 2856 maximam
645 2801 777 2880 partem
809 2792 852 2859 ab
884 2794 1097 2881 Hermagora
1121 2802 1195 2858 erat
1223 2816 1301 2882 pro-

237 2907 343 2987 secta;
361 2915 556 2972 nontamen
576 2905 619 2972 ad
635 2930 712 2973 eum
727 2907 775 2973 ita
790 2907 969 2973 reserenda
985 2917 1065 2974 sunt
1084 2907 1198 2975 cmnia
1212 2932 1299 2999 quae

237 3022 278 3088 de
293 3020 347 3087 his
362 3021 465 3088 rebus
477 3021 566 3111 apud
583 3021 740 3113 antiquos
756 3023 929 3113 leguntur,
946 3034 984 3090 ut
999 3023 1093 3092 illum
1108 3023 1214 3091 totius
1225 3024 1300 3091 doc·

235 3135 345 3204 trinae
373 3136 585 3203 inventorem
612 3149 784 3227 putemus.
816 3138 960 3207 Censuit
987 3138 1125 3230 quidam
1148 3138 1201 3206 vir
1225 3139 1300 3207 doc·

236 3252 405 3335 tissimuS,
441 3255 485 3321 G.
521 3253 650 3335 Thiele,
686 3253 768 3320 nihil
803 3253 845 3320 dc
883 3254 1183 3324 constitutionibus
1223 3264 1300 3322 ante

238 3373 486 3459 Hermagoram
524 3393 600 3436 esse
643 3371 686 3438 ab
722 3369 872 3461 antiquis
909 3370 1152 3461 excogitatum,
1194 3379 1301 3439 totam

237 3508 354 3552 earum
373 3484 540 3552 rationem
560 3509 601 3552 ex
619 3485 721 3552 unius
735 3485 800 3552 viri
820 3496 932 3553 mente
948 3495 981 3554 et
997 3484 1203 3577 cogitatione
1224 3509 1301 3553 eru-

236 3601 329 3692 pisse
349 3603 373 3666 5.
397 3600 434 3667 ld
458 3601 486 3667 si
507 3600 721 3692 antiquitatis
737 3612 955 3668 monumenta
974 3612 1197 3684 testarentur,
1214 3602 1301 3669 diffi-

237 3716 299 3784 cile
315 3715 543 3797 crederemus,
557 3740 633 3783 eum
648 3739 765 3783 omnes
781 3716 955 3783 doctrinae
966 3717 1130 3806 paulatim
1141 3717 1256 3808 perfici
1268 3727 1301 3785 et

273 3881 297 3932 1.
315 3878 447 3943 Quintil,
465 3879 490 3938 3,
509 3881 551 3939 11,
570 3880 612 3930 18.

257 3960 297 4010 a.
315 3960 383 4018 lnv.,
401 3962 425 4018 1,
441 3960 465 4019 8,
485 3960 526 4009 10.

204 4033 207 4041 ’
272 4041 297 4091 3,
315 4039 359 4090 cf.
378 4038 508 4097 Netzker‚
528 4040 730 4108 Hermagoras,
751 4039 855 4099 Cicero,
877 4039 1044 4110 Cornificius
1062 4039 1133 4112 qaid
1152 4039 1301 4093 docuerint

237 4118 272 4172 de
296 4116 429 4176 statibus,
451 4137 478 4188 p.
504 4119 546 4170 25.
571 4118 781 4188 Hermagoreae
803 4120 1021 4172 constitutiones
1044 4129 1109 4172 sunt
1130 4118 1299 4192 στοχασμός,

238 4197 311 4272 ὅρος,
325 4195 450 4265 ποιότης,
467 4195 631 4268 μετάληψις.

272 4278 297 4328 4.
314 4279 383 4337 Ιιιν.,
401 4278 425 4338 1,
444 4278 486 4338 13,
504 4278 546 4338 17,
562 4278 596 4329 cf.
614 4279 639 4338 2,
657 4278 700 4341 40,
718 4280 787 4338 116;
805 4279 913 4340 Thiele,
932 4281 1133 4350 Hermagoras,
1149 4299 1177 4350 p.
1196 4280 1238 4331 79.

274 4358 298 4410 5.
315 4355 423 4418 Thiele,
442 4358 645 4427 Hermagoras,
663 4377 691 4428 p.
709 4359 838 4412 177-180.
