3062 5050
191 425 374 502 §tt-mum
384 445 422 485 nu
432 444 569 485 onaronu
578 441 896 508 ouarnnussoansms
907 419 1035 485 sentens
1046 443 1187 486 areasss1
1223 423 1256 485 81

191 579 328 670 quidem
354 577 454 669 pauci
480 577 544 645 loci
570 576 751 668 inquibus
776 577 890 668 aliqua
914 601 1027 645 rerum
1048 579 1258 646 Graecarum

191 694 313 761 notitia
328 693 594 784 deprehenditur
606 695 614 739 ¹
626 719 634 776 ;
648 693 727 761 inde
743 693 956 761 concluditur
970 703 1077 761 totam
1090 694 1168 762 libri
1183 718 1258 785 par·

191 821 259 878 tem
283 834 324 877 ex
348 833 416 901 qua
438 809 588 899 excerpti
618 818 698 876 sunt
722 832 788 875 non
812 809 966 900 potuisse
992 810 1059 877 nisi
1085 833 1105 876 a
1125 811 1258 878 Graeco

193 925 308 994 scribi.
334 926 401 994 Sed
424 949 465 992 ea
490 949 577 1016 quae
601 925 820 1016 proferuntur
848 925 984 993 minime
1010 925 1092 992 talia
1117 936 1197 992 sunt
1221 935 1260 992 ut

193 1041 351 1111 Ciceroni
378 1040 574 1108 necessario
602 1040 722 1131 ignota
755 1041 881 1108 fuerint
917 1068 924 1108 :
960 1041 1001 1108 de
1037 1040 1258 1108 nobilissimis

194 1157 338 1226 Graecis
360 1157 568 1240 oratoribus,
594 1155 819 1247 philosophis,
843 1156 1133 1247 scriptoribusque
1157 1180 1259 1247 saepe

193 1297 260 1341 non
280 1273 379 1341 modo
399 1273 433 1340 in
454 1273 530 1340 aliis
551 1272 689 1363 seriptis
704 1275 717 1318 2
732 1273 793 1339 sed
813 1272 847 1339 in
867 1272 952 1362 ipsis
974 1272 1129 1363 epistulis
1144 1276 1157 1318 3
1172 1273 1256 1363 egit.

194 1390 239 1456 At
252 1412 393 1456 versum
412 1388 549 1456 Homeri
569 1390 687 1456 laudat
702 1389 725 1454 4.
744 1392 862 1480 Longe
877 1388 993 1479 plures
1008 1388 1043 1455 in
1062 1389 1218 1479 epistulis
1234 1391 1257 1455 5.

194 1506 239 1574 At
264 1505 382 1572 varias
410 1504 609 1596 disciplinas
636 1504 735 1571 homo
764 1509 937 1572 Romanus
963 1528 1031 1571 non
1054 1514 1189 1595 poterat
1212 1505 1260 1572 ita

193 1621 419 1713 perdidicisse
434 1631 473 1687 ut
492 1620 533 1686 de
554 1643 670 1687 earum
687 1619 903 1710 separatione
918 1630 988 1687 tam
1004 1621 1175 1688 subtiliter
1189 1621 1260 1688 dis-

195 1747 325 1805 sereret
343 1740 368 1802 6.
391 1736 499 1823 Quasi
517 1760 600 1804 vero
617 1736 700 1803 solis
716 1736 826 1803 doctis
841 1745 958 1803 notum
974 1736 1078 1804 suerit
1089 1718 1157 1803 non
1171 1761 1260 1804 sem-

194 1877 255 1943 per
269 1852 376 1920 fuisse
394 1878 410 1915 ι(
429 1851 515 1919 alios
531 1851 680 1919 medicos
698 1851 756 1942 qui
777 1851 918 1933 morbis,
940 1850 1025 1918 alios
1041 1851 1098 1942 qui
1112 1852 1260 1920 volneri-

198 1998 213 2034 «
234 1969 314 2053 bus,
332 1968 418 2036 alios
439 1967 496 2057 qui
512 1967 619 2034 oeulis
640 1967 858 2034 mederentur
876 1969 888 2013 7
905 1995 921 2030 »
939 1978 973 2034 et
992 1966 1059 2034 alia
1074 1966 1108 2034 id
1125 1971 1262 2057 genus?

196 2088 267 2155 Cur
287 2085 420 2166 Cicero,
445 2083 503 2174 qui
525 2093 576 2151 tot
596 2086 806 2153 Graecorum
828 2084 1072 2150 consuetudine
1092 2107 1177 2151 usus
1194 2094 1258 2164 est,

196 2225 381 2293 numquam
400 2200 483 2268 talia
504 2199 622 2266 audire
642 2199 778 2290 potuit?
792 2199 923 2286 Quodsi
943 2199 1081 2267 taudem
1098 2200 1261 2290 probare-

195 2329 251 2385 tur
273 2341 362 2398 eum,
388 2326 571 2406 antequam
597 2338 633 2381 se
654 2315 697 2381 ad
720 2314 936 2382 scribendum
958 2325 1183 2397 converteret,
1204 2314 1262 2382 illa

196 2433 389 2524 ignorasse,
411 2431 494 2498 nibil
514 2430 660 2520 amplius
681 2429 939 2498 concluderetur
957 2430 1023 2498 nisi
1048 2431 1131 2498 haec
1152 2454 1262 2521 pauca

197 2551 284 2639 quae
309 2547 399 2615 docti
425 2547 490 2613 viri
509 2556 682 2638 promunt,
709 2570 726 2613 e
748 2548 881 2614 Graeco
903 2546 994 2619 fonte
1017 2570 1198 2628 manasse;
1219 2547 1261 2613 iis

197 2663 285 2731 enim
314 2663 382 2730 alia
410 2673 556 2753 possunt
589 2661 713 2752 opponi
747 2686 847 2752 quae,
883 2685 958 2728 cum
993 2665 1146 2730 Romana
1179 2662 1259 2743 sint,

199 2784 387 2848 Romanum
410 2777 611 2868 scriptorem
632 2777 795 2844 iudicant.
822 2780 859 2844 ln
884 2777 960 2867 ipsa
980 2777 1069 2844 enim
1089 2777 1146 2845 illa
1165 2787 1261 2868 parte

197 2895 288 2963 tertii
315 2896 357 2962 de
379 2895 525 2962 Oratore
547 2893 625 2961 libri
650 2917 751 2984 quam
777 2893 907 2961 Philoni
932 2892 988 2960 vel
1010 2893 1177 2974 Antiocho
1201 2893 1262 2960 tri-

196 3010 317 3090 buunt,
335 3012 485 3080 Crassus
503 3010 703 3077 Scaevolam
714 3010 956 3100 Metellumque
969 3009 1158 3078 Carneadis
1171 3009 1262 3076 audi·

197 3136 289 3193 tores
312 3125 420 3193 fuisse
445 3135 610 3192 memorat
629 3127 662 3207 8;
685 3149 771 3215 quos
794 3125 867 3215 ipse
889 3124 1110 3215 philosophos
1130 3124 1263 3191 noverit

233 3342 258 3391 1.
275 3340 338 3392 Von
352 3339 460 3400 Arnim,
475 3339 536 3397 Dio,
552 3358 581 3409 p.
598 3340 711 3391 99-100.

234 3421 259 3471 2.
283 3420 326 3472 Cf.
353 3419 458 3477 Clavel,
483 3422 524 3472 De
549 3420 586 3470 M.
615 3421 641 3469 T.
669 3419 800 3471 Cicerone
825 3421 1001 3481 Graecorum
1018 3418 1192 3491 interprete:
1212 3419 1262 3469 W.

200 3500 321 3560 Freund‚
346 3499 441 3552 Cicero
461 3498 622 3557 historicus,
646 3518 674 3569 p.
697 3500 790 3550 15-81.

234 3582 259 3631 3.
282 3579 325 3632 Cf.
348 3579 595 3650 Tyrrell-Purser,
614 3579 667 3630 Vll
687 3578 789 3648 (index)
813 3579 846 3646 (v.
870 3597 909 3648 g.,
932 3597 961 3648 p.
987 3579 1020 3630 10
1042 3598 1047 3629 :
1068 3577 1262 3638 Aristarchus,

199 3659 375 3730 Aristippus,
392 3659 600 3729 Aristophanes
619 3659 665 3711 the
686 3659 882 3728 grammarian,
900 3657 1107 3729 Aristophanes
1123 3658 1169 3710 the
1186 3667 1262 3728 poet,

199 3739 347 3800 Aristotle,
364 3738 572 3808 Aristoxenus).

235 3821 260 3872 4.
277 3818 339 3872 Von
352 3819 460 3880 Arnim,
477 3819 539 3877 Dio,
558 3838 586 3889 p.
603 3820 655 3871 100
669 3819 720 3886 (De
734 3818 797 3878 Or.,
815 3820 840 3879 3,
859 3819 901 3878 15,
919 3819 973 3888 57).

235 3901 260 3951 5.
278 3899 321 3955 Cf.
339 3899 443 3960 Steele,
456 3899 609 3952 American
621 3898 741 3951 Journal
753 3900 787 3966 os
795 3897 952 3968 Philologp
966 3900 1040 3960 XXI,
1054 3899 1132 3959 1900,
1149 3917 1177 3968 p.
1194 3898 1263 3956 3942

200 3980 322 4050 Tyrrell,
338 3980 391 4032 Vll
408 3978 530 4048 (Index),
546 3999 575 4049 p.
593 3980 692 4038 48-49;
710 3979 815 4048 Lange,
831 3977 906 4046 Quid
922 3997 984 4031 cnm
998 3978 1035 4031 de
1051 3978 1163 4048 ingenio
1176 3985 1203 4030 et
1216 3977 1264 4030 lit-

201 4059 277 4118 teris,
296 4065 353 4111 tnm
369 4058 404 4111 de
414 4059 509 4132 poetis
528 4061 697 4112 Graecorum
715 4057 810 4111 Cicero
825 4058 956 4119 senserit,
975 4079 1004 4129 p.
1022 4059 1116 4110 35-37.

235 4141 261 4191 6.
277 4139 339 4192 Von
349 4138 457 4198 Arnim,
475 4138 536 4196 Dio,
554 4158 583 4208 p.
600 4139 652 4191 100
666 4139 710 4208 (de
726 4139 788 4200 Or.,
806 4139 831 4200 3,
849 4139 891 4200 33,
909 4139 978 4210 1321.

236 4220 261 4271 7.
278 4219 320 4271 De
334 4218 397 4280 Or.,
414 4219 439 4280 3,
457 4219 500 4280 33,
517 4219 579 4270 132.

236 4299 261 4350 8.
281 4299 323 4352 De
339 4298 402 4360 Or.,
420 4299 444 4359 3,
463 4299 505 4360 18,
523 4298 566 4350 68.
