3062 5050
481 458 497 532 ἓ
516 460 542 516 3.
565 491 597 500 -
618 477 687 526 oum
707 475 814 517 sroxcxs
834 476 981 517 osannam
1135 453 1141 464 '
1231 459 1265 515 55

238 609 347 692 Itaque
376 610 461 672 hunc
488 609 594 672 locum
622 608 719 694 longe
748 618 780 671 ct
804 609 867 672 late
891 618 1055 693 patentem
1073 610 1269 692 philosophi

199 698 302 760 solent
317 700 349 760 in
369 701 485 782 officiis
505 707 643 761 tractare
662 736 701 744 —-
720 719 783 760 non
804 719 876 760 cum
897 698 936 761 de
956 708 1043 761 recto
1063 699 1134 782 ipso
1154 699 1265 781 dispu-

197 796 276 863 tant,
299 808 372 849 nam
394 788 425 848 id
446 788 575 870 quidem
595 808 694 849 unum
714 796 763 849 est
783 794 790 830 ⁴
812 825 851 833 -
872 787 1076 872 grammatici
1096 788 1128 848 in
1148 787 1264 870 poetiS,

198 877 384 959 eloquentes
408 878 419 911 ²
442 877 475 938 in
500 876 586 939 omni
611 885 643 938 et
666 897 785 961 genere
809 886 841 939 et
864 886 955 959 parte
980 897 1160 938 causarum.
1193 876 1264 950 Or.,

198 971 247 1040 21,
265 971 314 1029 72.

238 1055 306 1117 Hoc
325 1054 396 1117 loco
415 1055 596 1118 continetur
614 1054 646 1116 id
666 1055 751 1138 quod
771 1055 833 1116 dici
849 1055 960 1117 Latine
978 1056 1132 1118 decorum
1147 1063 1264 1138 potest,

200 1144 322 1206 Graece
337 1145 422 1206 enim
437 1153 539 1230 πρέπον
554 1145 680 1206 dicitur.
699 1145 775 1219 Ort,
796 1151 822 1218 1,
840 1150 888 1220 27,
906 1150 955 1207 93.

243 1277 360 1358 Stoici,
382 1289 519 1369 praeter
539 1302 579 1346 ea
600 1302 687 1370 quae
707 1278 860 1369 ipsorum
881 1279 1019 1369 propria
1034 1288 1143 1356 erant,
1161 1278 1267 1345 multa

199 1395 381 1462 tradebant
409 1418 496 1484 quae
526 1405 658 1461 ceterae
688 1418 822 1485 quoque
851 1395 987 1462 scholae
1017 1394 1203 1461 docuerant
1232 1403 1266 1461 et

199 1510 379 1578 docebant.
402 1510 505 1578 Velut
523 1510 590 1578 tria
608 1511 821 1601 eloquentiae
844 1535 971 1601 genera
993 1510 1264 1601 distinguebant,

200 1625 473 1709 deliberativum,
500 1626 671 1709 iudiciale,
697 1627 1004 1693 demonstrativum
1027 1630 1051 1692 3.
1079 1626 1176 1692 Talia
1200 1649 1267 1692 non

200 1742 249 1810 eis
265 1742 379 1833 potius
395 1766 497 1833 quam
513 1742 636 1809 ceteris
653 1742 773 1811 Cicero
789 1741 907 1810 debuit
922 1741 983 1809 sed
999 1741 1098 1832 qnasi
1114 1765 1155 1808 ex
1176 1764 1268 1822 com-

200 1858 293 1925 muni
313 1858 463 1926 omnium
481 1859 644 1926 thesauro
668 1858 890 1948 deprompsit.
918 1861 1087 1925 Memorat
1109 1867 1224 1924 tamen
1248 1880 1268 1924 a

201 1977 336 2042 Zenone
369 1975 556 2064 perfectam
589 1973 787 2041 Aristotelis
824 1974 1007 2065 quamdam
1036 1973 1265 2040 sententiam:

201 2091 290 2181 quod
306 2089 395 2156 enim
410 2089 440 2157 is
456 2100 646 2172 monuerat,
659 2089 864 2157 rhetoricam
879 2090 978 2180 qnasi
994 2113 1035 2156 ex
1051 2089 1158 2156 altera
1171 2099 1268 2178 parte

201 2206 408 2296 respondere
420 2206 652 2287 dialecticael,
664 2205 754 2273 idem
768 2209 859 2272 Zeno
875 2229 977 2272 manu
993 2205 1265 2272 demonstrabat:

203 2349 218 2383 a
244 2325 333 2389 Nam
358 2344 435 2389 cum
459 2332 711 2412 compresserat
733 2321 861 2412 digitos
883 2345 1103 2412 pugnumque
1126 2322 1266 2391 fecerat,

204 2465 218 2501 a
240 2437 576 2506 dialecticamaiebat
587 2437 754 2506 eiusmodi
765 2460 947 2519 esse;cum
958 2448 1072 2504 autem
1082 2437 1269 2504 deduxerat

203 2581 219 2616 «
245 2563 278 2621 et
293 2577 434 2621 manum
446 2553 662 2635 dilataverat,
680 2554 814 2644 palmae
829 2553 920 2621 illius
942 2553 1088 2621 similem
1107 2554 1268 2643 eloquen-

204 2697 219 2732 «
244 2670 328 2738 tiam
343 2693 420 2737 esse
436 2669 572 2738 dicebat
586 2672 599 2714 ⁵
615 2696 646 2736 n.

246 2786 299 2854 Ad
317 2785 449 2854 Stoicos
465 2786 678 2853 referendam
698 2810 775 2853 esse
792 2785 995 2853 divisionem
1014 2785 1117 2853 trium
1135 2784 1269 2853 dicendi

203 2926 378 2994 generum,
393 2925 412 2969 a
429 2901 593 2971 Cicerone
608 2913 822 2992 usurpatam,
837 2901 1010 2969 contendit
1022 2904 1082 2973 W.
1098 2899 1266 2968 Schmidss.

203 3020 268 3087 Sed
292 3018 327 3086 id
346 3020 438 3089 nullo
454 3018 520 3086 alio
541 3028 743 3109 argumento
763 3018 929 3108 probatur
948 3017 1015 3084 nisi
1034 3017 1125 3108 quod
1147 3016 1268 3084 similis

202 3133 1266 3225 quaedampartitioapudFortunatianumquoquereperiturl.
1335 3107 1344 3126 ’

202 3253 276 3318 Jam
299 3274 382 3318 vero
406 3250 543 3317 minime
569 3259 703 3317 constat
727 3249 840 3318 omnia
864 3273 950 3339 quae
978 3272 998 3316 a
1025 3249 1269 3317 Fortunatiano

237 3450 261 3499 1.
285 3448 362 3500 Hanc
387 3466 501 3518 quoque
524 3447 681 3500 doctrinam
707 3448 830 3499 Stoicam
854 3464 917 3499 esse
942 3447 1121 3499 manifestum
1145 3457 1198 3500 est.
1224 3447 1267 3498 Cf.

204 3528 322 3599 Sandys,
343 3529 455 3588 Orator,
473 3547 501 3598 p.
519 3528 562 3584 80.

237 3609 261 3659 2.
284 3609 405 3660 Maxime
420 3608 573 3660 notandum
589 3617 632 3660 est
651 3607 818 3660 Ciceronem
833 3625 888 3659 non
903 3608 1007 3668 dicere,
1028 3607 1056 3658 id
1077 3607 1152 3676 quod
1171 3607 1198 3658 in
1218 3606 1269 3658 hac

203 3689 340 3740 sententia
356 3697 546 3758 exspectatur,
566 3708 578 3736 e
600 3687 731 3739 rhetores
753 3708 764 3736 n
791 3687 840 3739 sed
865 3707 877 3736 (ι
898 3687 1064 3758 eloquentes
1086 3707 1110 3737 n.
1131 3686 1269 3739 Rhetores

203 3768 275 3819 enim
290 3769 325 3820 de
341 3786 374 3820 ea
388 3786 419 3820 re
434 3777 585 3838 praecepta
598 3768 666 3819 dare
682 3785 736 3819 non
752 3767 882 3819 solebant
898 3768 948 3819 sed
964 3767 1128 3839 eloquentes
1143 3766 1270 3836 philoso-

203 3847 333 3916 phorum,
358 3849 476 3900 maxime
500 3849 670 3908 Stoicorum,
691 3847 853 3918 praeceptis
875 3856 921 3899 aut
942 3847 1073 3907 scientes,
1096 3856 1143 3898 aut
1161 3847 1269 3916 impru-

202 3928 300 3980 dentes
316 3929 472 3981 orationem
489 3927 712 3980 conformabant.

238 4009 262 4059 3.
285 4009 368 4077 Diog.
387 4009 493 4069 Laert,
512 4009 536 4069 7,
555 4009 597 4068 34,
616 4008 659 4059 12.

238 4089 262 4139 4.
284 4087 385 4149 Arist,
403 4088 497 4149 Rhea,
515 4090 540 4150 1,
556 4091 580 4150 1,
599 4090 623 4139 1.
640 4120 675 4127 -
690 4088 734 4140 Cf.
752 4088 815 4148 Or.,
833 4089 876 4148 32,
894 4089 954 4144 114.

238 4169 263 4220 5.
285 4168 347 4230 Or.,
365 4170 408 4230 32,
426 4170 487 4221 113.

239 4249 264 4300 6.
281 4248 468 4302 ΗΙιείηἱεεΙιεε
483 4250 621 4308 Museum,
641 4250 674 4299 N.
693 4250 723 4299 F.
741 4249 840 4309 XLIX,
856 4249 934 4310 1894,
952 4268 980 4318 p.
996 4248 1126 4300 134-145.

239 4329 264 4384 7.
282 4328 364 4382 lllet.
381 4331 442 4381 Lat.
463 4328 539 4389 min,
558 4348 586 4398 p.
604 4330 664 4391 125,
681 4329 792 4391 29-126,
809 4330 834 4380 3.
