3086 5040
265 434 299 490 16
335 449 428 491 carus
438 450 458 490 1.
470 464 503 473 -
515 449 624 500 ouran
639 449 740 489 aaran
756 449 947 490 nnnronroau
962 450 994 489 u.
1006 449 1128 490 ruamus
1141 449 1263 490 rueram

265 583 496 676 disputatione
512 583 555 651 ad
570 583 727 651 latiorem
738 582 921 675 quamdam
932 583 1201 651 controversiam
1214 593 1333 652 avocet

265 701 465 770 orationem.

305 843 378 928 lpse
393 843 583 906 Aristoteles
598 843 653 928 qui
667 843 747 905 haec
762 842 900 906 maxime
914 843 1132 905 inlustravit...
1150 843 1197 905 De
1213 843 1282 920 Or.‚
1300 849 1329 920 2,

266 939 313 1008 10,
331 938 380 995 43.

304 1021 495 1084 Aristoteles
517 1021 555 1097 is,
577 1041 673 1105 quem
693 1042 756 1105 ego
776 1021 915 1084 maxime
935 1021 1086 1096 admiror,
1108 1021 1215 1106 posuit
1234 1042 1332 1105 quos-

264 1110 452 1185 damlooos,
470 1110 640 1192 exquibus
661 1113 766 1172 omnis
788 1110 972 1195 argumenti
992 1110 1073 1172 ratio
1093 1131 1157 1172 non
1177 1111 1331 1172 modoad

263 1199 530 1284 philosophorum
542 1198 791 1282 disputationem
807 1199 864 1262 sed
879 1199 975 1261 etiam
991 1199 1031 1260 ad
1046 1199 1129 1262 hanc
1141 1200 1328 1275 orationem,

263 1289 378 1371 quain
400 1289 505 1351 causis
528 1289 658 1364 utimur,
683 1289 895 1364 inveniretur;
923 1311 944 1349 a
968 1310 1031 1370 qao
1052 1289 1182 1371 quidem
1202 1289 1331 1350 boariae

263 1381 330 1439 iam
347 1378 482 1457 dadam,
500 1378 634 1457 Antoni,
647 1399 713 1440 noa
724 1379 860 1440 aberrat
874 1380 980 1439 oratio
996 1389 1065 1439 tua.
1083 1377 1131 1439 De
1146 1377 1215 1452 Or.‚
1233 1382 1261 1453 2,
1279 1381 1328 1454 36,

264 1473 336 1543 152;
355 1467 394 1529 cf.
412 1473 441 1542 2,
458 1472 508 1541 38,
527 1473 595 1529 160.

303 1557 409 1639 Atque
433 1559 490 1618 isti
512 1557 642 1640 quidem
671 1557 725 1639 qui
754 1557 880 1631 docent,
912 1576 1008 1638 quom
1037 1575 1150 1618 causas
1178 1557 1210 1619 in
1238 1555 1332 1641 plura

263 1665 384 1729 genera
399 1654 581 1718 secuerunt,
593 1646 734 1727 singulis
745 1645 921 1728 generibus
932 1656 1202 1728 argumentorum
1218 1647 1331 1728 copias

263 1745 454 1817 suggerant.
482 1734 576 1812 Quod
601 1734 747 1796 etiamsi
771 1733 811 1795 ad
835 1734 1049 1795 instituendos
1073 1733 1331 1796 adulescentulos

246 1824 369 1912 ⁸magis
385 1834 494 1907 aptum
511 1833 569 1897 est,
587 1833 632 1897 ut,
650 1823 785 1885 simulac
804 1823 910 1906 posita
925 1843 1021 1886 eausa
1041 1823 1092 1898 sit,
1114 1824 1253 1885 habeant
1267 1843 1330 1906 quo

265 1932 299 1973 se
314 1913 463 1986 referant,
481 1913 565 1974 unde
581 1912 688 1974 statim
705 1912 854 1995 expedita
869 1912 995 1994 possint
1011 1922 1202 1996 argumenta
1217 1912 1330 1995 depro-

264 2021 362 2076 mere,
384 2011 491 2063 tamen
511 2010 543 2062 et
562 2001 645 2062 tardi
664 2001 786 2085 ingenii
807 2012 856 2063 est
877 2001 997 2062 rivulos
1021 2001 1209 2075 consectari,
1233 2001 1330 2063 fontis

264 2110 370 2151 rerum
385 2111 448 2154 non
464 2090 583 2165 videre,
601 2091 697 2151 etiam
713 2090 827 2152 aetatis
843 2099 892 2152 est
906 2110 1047 2173 ususque
1067 2090 1167 2152 nostri
1188 2111 1206 2150 a
1226 2090 1330 2173 capite

264 2180 348 2261 quod
363 2179 498 2240 velimus
519 2199 682 2240 arcessere
702 2189 735 2241 et
753 2179 838 2241 unde
859 2181 970 2241 omnia
993 2187 1122 2240 manent
1140 2178 1259 2241 videre.
1282 2177 1330 2240 De

264 2268 334 2342 On,
352 2273 381 2342 2,
400 2272 448 2342 27,
468 2274 535 2329 117.
550 2267 598 2330 Cf.
616 2269 719 2342 Brut,
738 2274 786 2343 76,
805 2273 880 2344 263;
899 2274 947 2343 78,
965 2273 1021 2330 271
1039 2274 1060 2328 ⁴.

304 2356 350 2420 Ao
364 2357 423 2418 tibi
439 2357 601 2441 sapienter
621 2358 774 2432 monenti,
793 2357 920 2432 Crasse,
942 2357 1079 2420 libenter
1099 2357 1326 2432 adsentiemur,

263 2455 299 2507 ut
313 2446 521 2528 singularam
538 2467 717 2506 causarum
734 2447 948 2528 defensiones,
962 2467 1045 2527 qaas
1060 2445 1165 2507 solent
1180 2447 1333 2528 magistri

261 2537 375 2617 pueris
399 2535 542 2612 tradere,
566 2535 794 2616 relinquamus,
816 2536 998 2620 aperiamus
1022 2544 1128 2597 autem
1149 2535 1256 2617 capita
1279 2554 1326 2608 ea,

263 2624 347 2685 unde
367 2625 473 2685 omnis
492 2621 532 2684 ad
552 2644 679 2685 omnem
702 2634 734 2686 et
756 2645 886 2686 eausam
906 2633 938 2687 et
956 2624 1133 2686 orationem
1153 2623 1328 2706 disputatio

263 2712 400 2774 ducitur.
417 2712 465 2774 De
481 2711 550 2787 On,
568 2717 597 2786 2,
614 2717 663 2786 30,
682 2717 749 2774 130.

304 2802 362 2863 Hic
377 2801 455 2863 illud
470 2800 642 2862 videndum
658 2811 717 2874 est,
735 2802 767 2863 in
783 2822 845 2885 quo
862 2821 1006 2864 summus
1021 2811 1071 2865 est
1085 2821 1174 2863 error
1193 2799 1328 2864 istorum

264 2891 503 2974 magistrorum,
526 2890 566 2951 ad
586 2911 666 2973 quos
691 2890 809 2952 liberos
833 2901 960 2953 nostros
985 2891 1178 2966 mittimus..
1203 2890 1328 2952 Consti·

263 2990 356 3042 tuunt
370 2981 454 3041 enim
475 2981 507 3041 in
527 2979 704 3062 partiendis
719 2981 898 3041 orationum
914 2979 1018 3041 modis
1038 2980 1100 3042 duo
1120 3001 1241 3065 genera
1256 2999 1327 3042 cau·

264 3090 370 3130 sarum
383 3091 389 3131 :
400 3090 498 3131 unum
507 3068 781 3152 appellantinquo
791 3069 859 3131 sine
870 3070 1016 3152 personis
1026 3077 1121 3153 atque
1130 3070 1328 3152 temporibus

263 3158 302 3220 de
316 3158 465 3219 universo
480 3178 600 3241 genere
615 3166 798 3239 quaeratur,
816 3157 952 3219 alterum
968 3158 1052 3240 quod
1068 3157 1216 3240 personis
1232 3158 1327 3220 certis

263 3256 294 3308 et
321 3247 520 3330 temporibus
545 3246 723 3320 deliniatur,
751 3247 856 3330 ignari
886 3249 992 3308 omnis
1016 3249 1256 3310 controversias
1283 3247 1330 3307 ad

263 3338 408 3399 universi
417 3337 548 3417 generis
564 3338 625 3398 rim
641 3347 672 3396 et
686 3347 842 3398 naturam
858 3337 1014 3417 referri...
1028 3335 1122 3397 Nulla
1132 3336 1269 3418 denique
1279 3344 1329 3397 est

262 3444 359 3486 causa
380 3425 412 3486 in
432 3445 495 3507 qua
514 3424 546 3486 id
561 3423 646 3507 quod
668 3424 699 3484 in
719 3424 870 3485 iudicium
886 3425 973 3485 venit
988 3444 1114 3486 reorum
1129 3423 1276 3508 personis
1291 3443 1328 3485 ac

262 3534 326 3575 non
348 3533 502 3597 generum
524 3513 666 3595 ipsorum
687 3512 836 3574 universa
855 3513 1051 3574 dubitatione
1074 3521 1255 3595 quaeratur.
1280 3513 1328 3574 De

263 3601 331 3676 or,
350 3607 378 3676 2,
396 3607 445 3676 31,
464 3605 609 3676 133-134;
627 3601 666 3662 ct.
684 3606 713 3676 2,
731 3606 780 3676 32,
800 3606 875 3677 1403
893 3607 922 3675 3,
939 3606 988 3676 ao,
1008 3607 1151 3663 120-121.

311 3749 402 3810 llaec
419 3767 552 3835 quoque
577 3744 722 3810 maxime
746 3743 962 3811 illustrantur
982 3743 1012 3810 si
1033 3767 1108 3811 oum
1128 3743 1170 3814 iis
1190 3767 1328 3833 compa·

263 3870 383 3927 rantur
412 3882 498 3950 quae
528 3858 648 3927 Cicero
677 3859 710 3925 in
739 3859 816 3925 aliis
846 3858 1006 3950 operibus
1036 3859 1185 3950 scripsit.
1218 3862 1327 3926 Locos

263 3975 352 4042 enim
375 3973 465 4041 unde
487 3998 554 4041 non
579 3975 792 4065 singularum
817 3999 998 4042 causarum
1022 3975 1239 4043 defensiones
1267 3976 1327 4042 sed

262 4090 371 4158 omnis
388 4090 431 4156 ad
447 4113 580 4156 omnem
595 4089 861 4180 disputationem
876 4089 984 4157 oratio
1001 4083 1193 4172 duceretur,
1206 4100 1327 4180 postea

299 4308 323 4356 1.
345 4306 389 4357 Cf.
406 4304 515 4366 Thiele,
533 4305 735 4374 Hermagoras,
753 4324 782 4374 p.
801 4305 891 4356 84-86.
