3062 5050
476 479 492 555 ᾗ
511 483 537 539 5.
560 513 591 523 -
612 499 682 549 oum
701 497 815 539 taurus
835 496 984 539 canuntur

376 837 390 911 ξ
413 832 446 896 5.
472 869 516 879 -
540 831 653 912 Quid
678 829 845 898 Latinis
869 830 1081 898 debuerit.

239 1055 276 1118 ln
307 1052 457 1120 secundo
486 1051 527 1118 de
559 1051 757 1119 Inventione
783 1049 883 1134 libro,
910 1073 1027 1118 eorum
1054 1052 1264 1120 Graecorum

194 1167 323 1258 scripta
346 1167 467 1236 Cicero
489 1177 656 1235 memorat
677 1167 735 1259 qui
758 1178 867 1235 artem
891 1166 1095 1234 rhetoricam
1119 1166 1264 1233 maxime

194 1284 416 1351 excoluerunt
432 1285 440 1329 ¹
455 1310 463 1366 3
481 1309 523 1350 ex
539 1283 703 1352 Romanis
719 1283 888 1350 neminem
903 1283 1022 1350 laudat
1036 1309 1043 1364 ;
1065 1305 1132 1350 non
1150 1292 1265 1350 tamen

193 1409 299 1490 negat
315 1423 352 1466 se
369 1398 542 1467 rhetorum
558 1399 758 1466 Latinorum
774 1399 906 1466 artibus
921 1421 1021 1466 usum
1038 1422 1128 1466 esse.

237 1517 411 1605 Coeperat
454 1539 493 1583 eo
536 1525 689 1606 tempore
731 1515 852 1582 Latine
895 1513 1100 1582 rhetoricam
1144 1514 1265 1582 docere

193 1634 232 1698 L.
258 1631 390 1699 Plotius
413 1631 560 1713 Gallus;
585 1655 662 1698 eum
685 1630 807 1700 Cicero
829 1653 896 1697 non
919 1630 1087 1712 audierat,
1111 1630 1202 1722 quod
1224 1654 1265 1697 ex

192 1747 255 1815 hoc
272 1747 414 1816 Suetoni
428 1747 503 1815 loco
518 1757 674 1816 constat:

231 1899 270 1962 L.
287 1899 418 1961 Plotius
435 1898 564 1962 Gallus.
582 1899 630 1961 De
645 1901 706 1962 hcc
722 1899 834 1962 Cicero
850 1898 882 1959 in
898 1898 1035 1980 epistola
1054 1898 1094 1960 ad
1114 1897 1158 1959 M.
1182 1897 1264 1960 Titi-

191 1988 280 2050 nium
304 1988 350 2050 sic
372 1988 489 2051 refert:
517 2015 530 2045 (ι
555 1988 712 2070 Equidem
734 1987 889 2049 memoria
911 1998 1015 2062 teneo,
1039 1986 1149 2070 pueris
1171 1987 1264 2050 nobis

192 2078 333 2160 primum
366 2077 478 2139 Latine
512 2077 627 2139 docere
660 2077 806 2159 coepisse
835 2076 973 2138 Plotium
1002 2075 1184 2158 quemdam.
1215 2076 1264 2140 Ad

192 2187 288 2250 quem
315 2186 387 2228 cum
412 2167 504 2228 fieret
527 2186 713 2241 concursus,
740 2165 826 2249 quod
851 2165 1106 2227 studiosissimus
1130 2166 1264 2249 quisque

192 2255 278 2338 apud
294 2275 367 2317 eum
383 2263 595 2330 exerceretur,
613 2255 761 2317 dolebam
777 2255 855 2317 mihi
871 2254 956 2316 idem
971 2275 1035 2317 non
1050 2254 1158 2318 licere.
1176 2253 1263 2316 Con-

98 2343 102 2350 ’
193 2344 319 2406 tinebar
351 2353 458 2406 autem
492 2344 751 2406 doctissimorum
785 2344 949 2406 hominum
979 2343 1178 2418 auctoritate,
1210 2343 1264 2425 qui

194 2432 423 2496 existimabant
447 2433 581 2495 Graecis
610 2433 893 2495 exercitationibus
921 2433 963 2494 ali
991 2433 1105 2494 melius
1134 2433 1265 2517 ingenia

193 2542 301 2604 posse.
319 2521 367 2584 De
382 2523 477 2597 rhet,
495 2527 524 2583 2.

238 2664 386 2733 Videtur
408 2665 515 2757 igitur
542 2664 663 2734 Cicero
688 2689 754 2732 non
779 2665 879 2732 modo
904 2665 1050 2733 Plotium
1076 2688 1144 2733 non
1170 2665 1262 2732 audi-

192 2780 286 2848 visse
313 2780 374 2850 sed
396 2782 525 2848 nullum
549 2780 653 2848 alium
678 2781 837 2849 Latinum
864 2780 1033 2848 rhetorem
1057 2781 1262 2873 magistrum

194 2896 370 2978 habuisse,
393 2920 482 2978 cum,
504 2897 780 2965 doctissimorum
800 2897 972 2964 hominum
989 2896 1186 2964 auctoritati
1201 2898 1262 2964 ob-

194 3035 356 3104 sequens,
377 3035 445 3080 non
465 3011 597 3080 Latinis
619 3012 679 3079 sed
699 3013 844 3082 Graecis
864 3012 1165 3080 exercitationibus
1186 3023 1262 3080 ute-

193 3139 296 3196 retur.

236 3243 377 3312 Minime
399 3254 514 3312 tamen
535 3244 674 3312 dubium
697 3254 750 3312 est
774 3244 855 3336 quin
878 3267 982 3311 uuam
1007 3244 1129 3311 saltem
1153 3254 1261 3312 artem

193 3359 312 3428 Latine
329 3359 492 3450 scriptam
507 3360 541 3427 in
562 3360 719 3428 manibus
739 3359 909 3428 habuerit.
931 3363 1019 3428 Nam
1040 3383 1099 3427 eas
1119 3360 1261 3427 Latinas

191 3498 294 3544 voces
314 3476 439 3568 quibus
460 3477 615 3544 Graecas
634 3475 880 3566 interpretatur
899 3497 966 3542 non
984 3475 1057 3564 ipse
1073 3474 1181 3558 finxit,
1200 3475 1261 3542 sed

193 3614 234 3658 ex
262 3591 376 3682 aliquo
402 3591 490 3659 libro
519 3591 691 3680 sumpsit;
720 3591 856 3658 minime
884 3589 973 3658 enim
1001 3614 1061 3657 eas
1087 3600 1125 3657 ut
1153 3612 1261 3657 novas

192 3708 332 3796 profert,
369 3708 461 3774 nulla
493 3707 711 3774 excusatione
749 3707 867 3788 utitur,
907 3730 975 3773 non
1012 3705 1186 3798 significat
1224 3730 1261 3772 se

194 3824 329 3890 Graeca
353 3824 521 3891 vocabula
548 3823 668 3890 Latine
690 3821 832 3889 reddere
855 3822 982 3890 conari.
1009 3821 1151 3890 Accedit
1170 3822 1260 3912 quod

193 3938 311 4005 eadem
325 3938 433 4006 verba
447 3938 482 4004 in
498 3938 667 4006 rhetorica
682 3938 725 4005 ad
742 3937 949 4004 Herennium
960 3938 1029 4004 fere
1041 3937 1153 4005 omnia
1164 3960 1261 4027 repe-

194 4186 285 4240 libros
306 4188 342 4241 de
366 4187 510 4241 rhetorica
533 4206 589 4241 non
609 4189 721 4250 videtur
741 4206 875 4258 umquam
897 4187 1023 4258 legisse;
1045 4205 1117 4258 quae
1139 4205 1202 4239 cum
1224 4188 1261 4238 iis

194 4267 349 4398 copnpunia
361 4266 674 4399 palpetfiaptipuioribus
690 4267 817 4320 fontibus
832 4266 932 4320 deberi
947 4276 1027 4338 puto.

247 4384 252 4396 .
288 4365 343 4408 nr„
381 4386 386 4408 ,
423 4387 429 4408 ,
465 4375 506 4416 ·,
541 4385 546 4399 .
