<?xml version="1.0" encoding="UTF-8"?>
<!DOCTYPE html PUBLIC "-//W3C//DTD XHTML 1.0 Transitional//EN"
    "http://www.w3.org/TR/xhtml1/DTD/xhtml1-transitional.dtd">
<html xmlns="http://www.w3.org/1999/xhtml" xml:lang="en" lang="en">
 <head>
  <title>
</title>
<meta http-equiv="Content-Type" content="text/html;charset=utf-8" />
  <meta name='ocr-system' content='tesseract 3.04.00' />
  <meta name='ocr-capabilities' content='ocr_page ocr_carea ocr_par ocr_line ocrx_word'/>
</head>
<body>
  <div class='ocr_page' id='page_1' title='image "./demtulliciceron00laurgoog_0093.png"; bbox 0 0 3062 5050; ppageno 0'>
   <div class='ocr_carea' id='block_1_1' title="bbox 273 428 1227 496">
    <p class='ocr_par' dir='ltr' id='par_1_1' title="bbox 273 428 1227 496">
     <span class='ocr_line' id='line_1_1' title="bbox 273 428 1227 496; baseline -0.005 -8"><span class='ocrx_word' id='word_1_1' title='bbox 273 428 308 488; x_wconf 88' lang='grc'><strong>66</strong></span> <span class='ocrx_word' id='word_1_2' title='bbox 389 446 482 488; x_wconf 78' lang='lat' dir='ltr'><strong>carun</strong></span> <span class='ocrx_word' id='word_1_3' title='bbox 501 445 543 486; x_wconf 94' lang='grc' dir='ltr'>ιιι.</span> <span class='ocrx_word' id='word_1_4' title='bbox 566 459 598 469; x_wconf 88' lang='grc'><strong>-</strong></span> <span class='ocrx_word' id='word_1_5' title='bbox 618 445 687 496; x_wconf 85' lang='lat' dir='ltr'><strong>Qum</strong></span> <span class='ocrx_word' id='word_1_6' title='bbox 707 444 939 486; x_wconf 82' lang='lat' dir='ltr'><strong>ancnnrromsus</strong></span> <span class='ocrx_word' id='word_1_7' title='bbox 959 444 1061 484; x_wconf 80' lang='lat' dir='ltr'><strong>crosno</strong></span> <span class='ocrx_word' id='word_1_8' title='bbox 1080 443 1227 486; x_wconf 80' lang='lat' dir='ltr'><strong>nuauunrr</strong></span> 
     </span>
    </p>
   </div>
   <div class='ocr_carea' id='block_1_2' title="bbox 271 577 1340 1134">
    <p class='ocr_par' dir='ltr' id='par_1_2' title="bbox 271 577 1340 1134">
     <span class='ocr_line' id='line_1_2' title="bbox 272 577 1339 669; baseline -0.004 -21"><span class='ocrx_word' id='word_1_9' title='bbox 272 580 341 648; x_wconf 91' lang='lat' dir='ltr'><strong>suit</strong></span> <span class='ocrx_word' id='word_1_10' title='bbox 355 604 431 648; x_wconf 91' lang='lat' dir='ltr'><strong>cum</strong></span> <span class='ocrx_word' id='word_1_11' title='bbox 447 583 614 650; x_wconf 83' lang='lat' dir='ltr'>Crassum</span> <span class='ocrx_word' id='word_1_12' title='bbox 625 591 659 647; x_wconf 88' lang='lat' dir='ltr'><strong>et</strong></span> <span class='ocrx_word' id='word_1_13' title='bbox 671 579 856 647; x_wconf 83' lang='lat' dir='ltr'><strong>Antonium</strong></span> <span class='ocrx_word' id='word_1_14' title='bbox 869 581 1048 669; x_wconf 91' lang='lat' dir='ltr'><strong>loquentes</strong></span> <span class='ocrx_word' id='word_1_15' title='bbox 1060 577 1150 644; x_wconf 88' lang='lat' dir='ltr'><strong>lecit.</strong></span> <span class='ocrx_word' id='word_1_16' title='bbox 1166 581 1203 644; x_wconf 94' lang='lat' dir='ltr'><strong>ln</strong></span> <span class='ocrx_word' id='word_1_17' title='bbox 1214 577 1339 668; x_wconf 91' lang='lat' dir='ltr'><strong>quibus</strong></span> 
     </span>
     <span class='ocr_line' id='line_1_3' title="bbox 271 693 1340 787; baseline -0.003 -25"><span class='ocrx_word' id='word_1_18' title='bbox 271 696 380 778; x_wconf 87' lang='lat' dir='ltr'><strong>libris,</strong></span> <span class='ocrx_word' id='word_1_19' title='bbox 398 696 464 763; x_wconf 90' lang='lat' dir='ltr'><strong>etsi</strong></span> <span class='ocrx_word' id='word_1_20' title='bbox 480 695 616 762; x_wconf 90' lang='lat' dir='ltr'><strong>minime</strong></span> <span class='ocrx_word' id='word_1_21' title='bbox 633 719 672 762; x_wconf 87' lang='lat' dir='ltr'><strong>aa</strong></span> <span class='ocrx_word' id='word_1_22' title='bbox 688 705 820 763; x_wconf 90' lang='lat' dir='ltr'><strong>tantum</strong></span> <span class='ocrx_word' id='word_1_23' title='bbox 841 719 928 787; x_wconf 94' lang='lat' dir='ltr'><strong>quae</strong></span> <span class='ocrx_word' id='word_1_24' title='bbox 949 694 998 761; x_wconf 93' lang='lat' dir='ltr'><strong>illi</strong></span> <span class='ocrx_word' id='word_1_25' title='bbox 1012 694 1078 760; x_wconf 90' lang='lat' dir='ltr'><strong>viri</strong></span> <span class='ocrx_word' id='word_1_26' title='bbox 1093 693 1262 761; x_wconf 84' lang='lat' dir='ltr'><strong>dixissent</strong></span> <span class='ocrx_word' id='word_1_27' title='bbox 1281 704 1340 760; x_wconf 89' lang='lat' dir='ltr'><strong>aut</strong></span> 
     </span>
     <span class='ocr_line' id='line_1_4' title="bbox 272 809 1336 892; baseline 0 -14"><span class='ocrx_word' id='word_1_28' title='bbox 272 812 375 880; x_wconf 91' lang='lat' dir='ltr'><strong>etiam</strong></span> <span class='ocrx_word' id='word_1_29' title='bbox 393 811 585 879; x_wconf 79' lang='lat' dir='ltr'><strong>sensissent</strong></span> <span class='ocrx_word' id='word_1_30' title='bbox 602 811 804 892; x_wconf 78' lang='lat' dir='ltr'><strong>enuntiavit,</strong></span> <span class='ocrx_word' id='word_1_31' title='bbox 823 835 890 877; x_wconf 91' lang='lat' dir='ltr'><strong>non</strong></span> <span class='ocrx_word' id='word_1_32' title='bbox 905 811 998 877; x_wconf 91' lang='lat' dir='ltr'><strong>nulla</strong></span> <span class='ocrx_word' id='word_1_33' title='bbox 1013 819 1128 877; x_wconf 94' lang='lat' dir='ltr'><strong>tamen</strong></span> <span class='ocrx_word' id='word_1_34' title='bbox 1147 809 1189 876; x_wconf 91' lang='lat' dir='ltr'><strong>iis</strong></span> <span class='ocrx_word' id='word_1_35' title='bbox 1208 809 1336 877; x_wconf 87' lang='lat' dir='ltr'><strong>debuit.</strong></span> 
     </span>
     <span class='ocr_line' id='line_1_5' title="bbox 272 925 1339 1018; baseline -0.002 -24"><span class='ocrx_word' id='word_1_36' title='bbox 272 927 466 1018; x_wconf 90' lang='lat' dir='ltr'><strong>Scripserat</strong></span> <span class='ocrx_word' id='word_1_37' title='bbox 481 927 571 994; x_wconf 90' lang='lat' dir='ltr'><strong>enim</strong></span> <span class='ocrx_word' id='word_1_38' title='bbox 587 927 757 995; x_wconf 87' lang='lat' dir='ltr'><strong>Antonius</strong></span> <span class='ocrx_word' id='word_1_39' title='bbox 773 927 814 994; x_wconf 93' lang='lat' dir='ltr'><strong>de</strong></span> <span class='ocrx_word' id='word_1_40' title='bbox 830 926 1024 1018; x_wconf 92' lang='lat' dir='ltr'><strong>eloquentia</strong></span> <span class='ocrx_word' id='word_1_41' title='bbox 1043 925 1194 993; x_wconf 92' lang='lat' dir='ltr'><strong>libellum</strong></span> <span class='ocrx_word' id='word_1_42' title='bbox 1210 927 1219 971; x_wconf 82' lang='lat'><strong>¹</strong></span> <span class='ocrx_word' id='word_1_43' title='bbox 1237 948 1257 992; x_wconf 90' lang='lat' dir='ltr'><strong>a</strong></span> <span class='ocrx_word' id='word_1_44' title='bbox 1273 949 1339 1016; x_wconf 93' lang='lat' dir='ltr'><strong>quo</strong></span> 
     </span>
     <span class='ocr_line' id='line_1_6' title="bbox 272 1041 1180 1134; baseline -0.006 -21"><span class='ocrx_word' id='word_1_45' title='bbox 272 1043 394 1113; x_wconf 92' lang='lat' dir='ltr'><strong>Cicero</strong></span> <span class='ocrx_word' id='word_1_46' title='bbox 416 1068 453 1111; x_wconf 88' lang='lat' dir='ltr'><strong>se</strong></span> <span class='ocrx_word' id='word_1_47' title='bbox 474 1043 589 1134; x_wconf 92' lang='lat' dir='ltr'><strong>aliqua</strong></span> <span class='ocrx_word' id='word_1_48' title='bbox 609 1043 800 1134; x_wconf 89' lang='lat' dir='ltr'><strong>sumpsisse</strong></span> <span class='ocrx_word' id='word_1_49' title='bbox 819 1067 887 1109; x_wconf 92' lang='lat' dir='ltr'><strong>non</strong></span> <span class='ocrx_word' id='word_1_50' title='bbox 908 1043 1013 1110; x_wconf 90' lang='lat' dir='ltr'><strong>semel</strong></span> <span class='ocrx_word' id='word_1_51' title='bbox 1028 1041 1180 1109; x_wconf 89' lang='lat' dir='ltr'><strong>indicat:</strong></span> 
     </span>
    </p>
   </div>
   <div class='ocr_carea' id='block_1_3' title="bbox 270 1184 1339 1972">
    <p class='ocr_par' dir='ltr' id='par_1_3' title="bbox 271 1184 1339 1449">
     <span class='ocr_line' id='line_1_7' title="bbox 311 1184 1339 1269; baseline -0.002 -21"><span class='ocrx_word' id='word_1_52' title='bbox 311 1186 454 1248; x_wconf 87' lang='lat' dir='ltr'><strong>Petimus</strong></span> <span class='ocrx_word' id='word_1_53' title='bbox 476 1187 517 1248; x_wconf 94' lang='lat' dir='ltr'><strong>ab</strong></span> <span class='ocrx_word' id='word_1_54' title='bbox 541 1186 690 1261; x_wconf 89' lang='lat' dir='ltr'><strong>Antonio,</strong></span> <span class='ocrx_word' id='word_1_55' title='bbox 713 1196 748 1248; x_wconf 91' lang='lat' dir='ltr'><strong>ut</strong></span> <span class='ocrx_word' id='word_1_56' title='bbox 772 1207 819 1261; x_wconf 89' lang='lat' dir='ltr'><strong>ea,</strong></span> <span class='ocrx_word' id='word_1_57' title='bbox 842 1206 924 1269; x_wconf 90' lang='lat' dir='ltr'><strong>quac</strong></span> <span class='ocrx_word' id='word_1_58' title='bbox 946 1185 1088 1247; x_wconf 89' lang='lat' dir='ltr'><strong>continet</strong></span> <span class='ocrx_word' id='word_1_59' title='bbox 1109 1205 1212 1266; x_wconf 89' lang='lat' dir='ltr'><strong>neque</strong></span> <span class='ocrx_word' id='word_1_60' title='bbox 1236 1184 1339 1246; x_wconf 89' lang='lat' dir='ltr'><strong>adhuc</strong></span> 
     </span>
     <span class='ocr_line' id='line_1_8' title="bbox 271 1273 1337 1359; baseline 0 -23"><span class='ocrx_word' id='word_1_61' title='bbox 271 1275 414 1359; x_wconf 89' lang='lat' dir='ltr'><strong>protulit,</strong></span> <span class='ocrx_word' id='word_1_62' title='bbox 428 1296 467 1337; x_wconf 90' lang='lat' dir='ltr'><strong>ex</strong></span> <span class='ocrx_word' id='word_1_63' title='bbox 481 1275 599 1358; x_wconf 91' lang='lat' dir='ltr'><strong>quibus</strong></span> <span class='ocrx_word' id='word_1_64' title='bbox 614 1296 713 1337; x_wconf 94' lang='lat' dir='ltr'><strong>unum</strong></span> <span class='ocrx_word' id='word_1_65' title='bbox 730 1276 875 1336; x_wconf 82' lang='lat' dir='ltr'><strong>libellum</strong></span> <span class='ocrx_word' id='word_1_66' title='bbox 887 1275 949 1337; x_wconf 92' lang='lat' dir='ltr'><strong>sibi</strong></span> <span class='ocrx_word' id='word_1_67' title='bbox 965 1274 1123 1336; x_wconf 87' lang='lat' dir='ltr'><strong>excidisse</strong></span> <span class='ocrx_word' id='word_1_68' title='bbox 1138 1274 1201 1336; x_wconf 90' lang='lat' dir='ltr'><strong>iam</strong></span> <span class='ocrx_word' id='word_1_69' title='bbox 1217 1273 1337 1336; x_wconf 92' lang='lat' dir='ltr'><strong>dudum</strong></span> 
     </span>
     <span class='ocr_line' id='line_1_9' title="bbox 271 1363 1109 1449; baseline -0.002 -23"><span class='ocrx_word' id='word_1_70' title='bbox 271 1375 405 1449; x_wconf 92' lang='lat' dir='ltr'><strong>questus</strong></span> <span class='ocrx_word' id='word_1_71' title='bbox 420 1374 479 1439; x_wconf 89' lang='lat' dir='ltr'><strong>est,</strong></span> <span class='ocrx_word' id='word_1_72' title='bbox 497 1364 637 1447; x_wconf 87' lang='lat' dir='ltr'><strong>explicet</strong></span> <span class='ocrx_word' id='word_1_73' title='bbox 651 1365 756 1426; x_wconf 93' lang='lat' dir='ltr'><strong>nobis.</strong></span> <span class='ocrx_word' id='word_1_74' title='bbox 773 1363 821 1426; x_wconf 89' lang='lat' dir='ltr'><strong>De</strong></span> <span class='ocrx_word' id='word_1_75' title='bbox 838 1363 907 1439; x_wconf 89' lang='lat' dir='ltr'><strong>Or.,</strong></span> <span class='ocrx_word' id='word_1_76' title='bbox 927 1370 954 1438; x_wconf 83' lang='lat'><strong>1,</strong></span> <span class='ocrx_word' id='word_1_77' title='bbox 972 1368 1021 1439; x_wconf 87' lang='grc'>47,</span> <span class='ocrx_word' id='word_1_78' title='bbox 1040 1368 1109 1424; x_wconf 86' lang='lat'>206.</span> 
     </span>
    </p>

    <p class='ocr_par' dir='ltr' id='par_1_4' title="bbox 270 1452 1339 1972">
     <span class='ocr_line' id='line_1_10' title="bbox 311 1452 1336 1536; baseline -0.002 -20"><span class='ocrx_word' id='word_1_79' title='bbox 311 1453 422 1536; x_wconf 89' lang='lat' dir='ltr'><strong>Neque</strong></span> <span class='ocrx_word' id='word_1_80' title='bbox 437 1454 522 1515; x_wconf 92' lang='lat' dir='ltr'><strong>enim</strong></span> <span class='ocrx_word' id='word_1_81' title='bbox 539 1474 609 1514; x_wconf 92' lang='lat' dir='ltr'><strong>sum</strong></span> <span class='ocrx_word' id='word_1_82' title='bbox 625 1452 664 1515; x_wconf 91' lang='lat' dir='ltr'><strong>de</strong></span> <span class='ocrx_word' id='word_1_83' title='bbox 680 1462 748 1515; x_wconf 85' lang='lat' dir='ltr'><strong>arte</strong></span> <span class='ocrx_word' id='word_1_84' title='bbox 763 1452 916 1528; x_wconf 88' lang='lat' dir='ltr'><strong>dicturus,</strong></span> <span class='ocrx_word' id='word_1_85' title='bbox 935 1473 1031 1536; x_wconf 92' lang='lat' dir='ltr'><strong>quam</strong></span> <span class='ocrx_word' id='word_1_86' title='bbox 1050 1473 1213 1536; x_wconf 92' lang='lat' dir='ltr'><strong>nunquam</strong></span> <span class='ocrx_word' id='word_1_87' title='bbox 1229 1452 1336 1528; x_wconf 94' lang='lat' dir='ltr'><strong>didici,</strong></span> 
     </span>
     <span class='ocr_line' id='line_1_11' title="bbox 271 1542 1339 1625; baseline -0.003 -20"><span class='ocrx_word' id='word_1_88' title='bbox 271 1542 328 1605; x_wconf 91' lang='lat' dir='ltr'><strong>sed</strong></span> <span class='ocrx_word' id='word_1_89' title='bbox 343 1542 383 1604; x_wconf 91' lang='lat' dir='ltr'><strong>de</strong></span> <span class='ocrx_word' id='word_1_90' title='bbox 402 1563 472 1604; x_wconf 89' lang='lat' dir='ltr'><strong>mea</strong></span> <span class='ocrx_word' id='word_1_91' title='bbox 488 1542 718 1604; x_wconf 87' lang='lat' dir='ltr'><strong>consuetudine</strong></span> <span class='ocrx_word' id='word_1_92' title='bbox 736 1565 742 1602; x_wconf 73' lang='grc' dir='ltr'>ε</span> <span class='ocrx_word' id='word_1_93' title='bbox 760 1543 894 1625; x_wconf 91' lang='lat' dir='ltr'><strong>ipsaque</strong></span> <span class='ocrx_word' id='word_1_94' title='bbox 915 1543 975 1602; x_wconf 79' lang='lat' dir='ltr'><strong>illa</strong></span> <span class='ocrx_word' id='word_1_95' title='bbox 991 1545 1124 1623; x_wconf 79' lang='lat' dir='ltr'><strong>quaein</strong></span> <span class='ocrx_word' id='word_1_96' title='bbox 1140 1554 1339 1604; x_wconf 85' lang='lat' dir='ltr'><strong>commento-</strong></span> 
     </span>
     <span class='ocr_line' id='line_1_12' title="bbox 271 1630 1339 1714; baseline 0 -22"><span class='ocrx_word' id='word_1_97' title='bbox 271 1635 357 1692; x_wconf 81' lang='lat' dir='ltr'><strong>rium</strong></span> <span class='ocrx_word' id='word_1_98' title='bbox 372 1653 479 1692; x_wconf 86' lang='lat' dir='ltr'><strong>meum</strong></span> <span class='ocrx_word' id='word_1_99' title='bbox 495 1632 616 1711; x_wconf 81' lang='lat' dir='ltr'><strong>rettuli,</strong></span> <span class='ocrx_word' id='word_1_100' title='bbox 630 1642 705 1693; x_wconf 89' lang='lat' dir='ltr'><strong>sunt</strong></span> <span class='ocrx_word' id='word_1_101' title='bbox 717 1631 785 1692; x_wconf 89' lang='lat' dir='ltr'><strong>eius</strong></span> <span class='ocrx_word' id='word_1_102' title='bbox 797 1630 894 1706; x_wconf 92' lang='lat' dir='ltr'><strong>modi,</strong></span> <span class='ocrx_word' id='word_1_103' title='bbox 907 1651 970 1692; x_wconf 94' lang='lat' dir='ltr'><strong>non</strong></span> <span class='ocrx_word' id='word_1_104' title='bbox 981 1631 1089 1714; x_wconf 91' lang='lat' dir='ltr'><strong>aliqua</strong></span> <span class='ocrx_word' id='word_1_105' title='bbox 1103 1631 1181 1692; x_wconf 94' lang='lat' dir='ltr'><strong>mihi</strong></span> <span class='ocrx_word' id='word_1_106' title='bbox 1195 1631 1339 1693; x_wconf 90' lang='lat' dir='ltr'><strong>doctrina</strong></span> 
     </span>
     <span class='ocr_line' id='line_1_13' title="bbox 271 1720 1336 1802; baseline -0.004 -18"><span class='ocrx_word' id='word_1_107' title='bbox 271 1720 387 1784; x_wconf 89' lang='lat' dir='ltr'><strong>tradita</strong></span> <span class='ocrx_word' id='word_1_108' title='bbox 407 1720 463 1782; x_wconf 90' lang='lat' dir='ltr'><strong>sed</strong></span> <span class='ocrx_word' id='word_1_109' title='bbox 484 1721 516 1781; x_wconf 93' lang='lat' dir='ltr'><strong>in</strong></span> <span class='ocrx_word' id='word_1_110' title='bbox 537 1741 643 1781; x_wconf 92' lang='lat' dir='ltr'><strong>rerum</strong></span> <span class='ocrx_word' id='word_1_111' title='bbox 663 1741 723 1781; x_wconf 92' lang='lat' dir='ltr'><strong>usu</strong></span> <span class='ocrx_word' id='word_1_112' title='bbox 739 1720 908 1802; x_wconf 80' lang='lat' dir='ltr'><strong>causisque</strong></span> <span class='ocrx_word' id='word_1_113' title='bbox 924 1728 1058 1782; x_wconf 87' lang='lat' dir='ltr'><strong>tractata</strong></span> <span class='ocrx_word' id='word_1_114' title='bbox 1072 1743 1078 1795; x_wconf 88' lang='lat'>;</span> <span class='ocrx_word' id='word_1_115' title='bbox 1096 1742 1181 1801; x_wconf 67' lang='lat' dir='ltr'><strong>qliae</strong></span> <span class='ocrx_word' id='word_1_116' title='bbox 1195 1723 1227 1780; x_wconf 79' lang='lat' dir='ltr'><strong>si</strong></span> <span class='ocrx_word' id='word_1_117' title='bbox 1240 1720 1336 1798; x_wconf 78' lang='lat' dir='ltr'><strong>vobis,</strong></span> 
     </span>
     <span class='ocr_line' id='line_1_14' title="bbox 270 1807 1338 1891; baseline -0.002 -21"><span class='ocrx_word' id='word_1_118' title='bbox 270 1809 453 1870; x_wconf 92' lang='lat' dir='ltr'><strong>hominibus</strong></span> <span class='ocrx_word' id='word_1_119' title='bbox 469 1807 707 1882; x_wconf 66' lang='lat' dir='ltr'><strong>eruditissimis</strong></span> <span class='ocrx_word' id='word_1_120' title='bbox 725 1829 791 1869; x_wconf 85' lang='lat' dir='ltr'><strong>non</strong></span> <span class='ocrx_word' id='word_1_121' title='bbox 805 1807 1049 1890; x_wconf 82' lang='lat' dir='ltr'><strong>probabuntur,</strong></span> <span class='ocrx_word' id='word_1_122' title='bbox 1066 1819 1205 1870; x_wconf 84' lang='lat' dir='ltr'><strong>vestram</strong></span> <span class='ocrx_word' id='word_1_123' title='bbox 1221 1809 1338 1891; x_wconf 91' lang='lat' dir='ltr'><strong>iniqui-</strong></span> 
     </span>
     <span class='ocr_line' id='line_1_15' title="bbox 271 1896 957 1972; baseline -0.003 -12"><span class='ocrx_word' id='word_1_124' title='bbox 271 1907 370 1961; x_wconf 86' lang='lat' dir='ltr'><strong>tatem</strong></span> <span class='ocrx_word' id='word_1_125' title='bbox 386 1906 606 1959; x_wconf 88' lang='lat' dir='ltr'><strong>aecusatote...</strong></span> <span class='ocrx_word' id='word_1_126' title='bbox 623 1896 672 1958; x_wconf 90' lang='lat' dir='ltr'><strong>De</strong></span> <span class='ocrx_word' id='word_1_127' title='bbox 687 1897 756 1970; x_wconf 78' lang='lat' dir='ltr'><strong>On,</strong></span> <span class='ocrx_word' id='word_1_128' title='bbox 776 1904 803 1972; x_wconf 84' lang='lat'><strong>1,</strong></span> <span class='ocrx_word' id='word_1_129' title='bbox 821 1901 870 1972; x_wconf 90' lang='grc'>48,</span> <span class='ocrx_word' id='word_1_130' title='bbox 888 1902 957 1958; x_wconf 89' lang='lat'><strong>208.</strong></span> 
     </span>
    </p>
   </div>
   <div class='ocr_carea' id='block_1_4' title="bbox 270 2039 1338 2825">
    <p class='ocr_par' dir='ltr' id='par_1_5' title="bbox 270 2039 1338 2825">
     <span class='ocr_line' id='line_1_16' title="bbox 317 2039 1338 2132; baseline -0.001 -24"><span class='ocrx_word' id='word_1_131' title='bbox 317 2039 545 2130; x_wconf 89' lang='lat' dir='ltr'><strong>Singulariter</strong></span> <span class='ocrx_word' id='word_1_132' title='bbox 569 2039 726 2109; x_wconf 83' lang='lat' dir='ltr'><strong>Ciceroni</strong></span> <span class='ocrx_word' id='word_1_133' title='bbox 754 2042 928 2130; x_wconf 82' lang='lat' dir='ltr'><strong>placuerat</strong></span> <span class='ocrx_word' id='word_1_134' title='bbox 952 2040 1157 2108; x_wconf 88' lang='lat' dir='ltr'><strong>sententiola</strong></span> <span class='ocrx_word' id='word_1_135' title='bbox 1185 2041 1244 2108; x_wconf 91' lang='lat' dir='ltr'><strong>illa</strong></span> <span class='ocrx_word' id='word_1_136' title='bbox 1273 2065 1338 2132; x_wconf 94' lang='lat' dir='ltr'><strong>qua</strong></span> 
     </span>
     <span class='ocr_line' id='line_1_17' title="bbox 272 2155 1338 2248; baseline -0.001 -25"><span class='ocrx_word' id='word_1_137' title='bbox 272 2156 441 2224; x_wconf 87' lang='lat' dir='ltr'><strong>Antonius</strong></span> <span class='ocrx_word' id='word_1_138' title='bbox 463 2155 611 2223; x_wconf 91' lang='lat' dir='ltr'><strong>disertos</strong></span> <span class='ocrx_word' id='word_1_139' title='bbox 637 2181 674 2223; x_wconf 89' lang='lat' dir='ltr'><strong>se</strong></span> <span class='ocrx_word' id='word_1_140' title='bbox 700 2179 870 2248; x_wconf 86' lang='lat' dir='ltr'><strong>cognosse</strong></span> <span class='ocrx_word' id='word_1_141' title='bbox 890 2179 957 2223; x_wconf 93' lang='lat' dir='ltr'><strong>non</strong></span> <span class='ocrx_word' id='word_1_142' title='bbox 979 2158 1101 2238; x_wconf 91' lang='lat' dir='ltr'><strong>nullos,</strong></span> <span class='ocrx_word' id='word_1_143' title='bbox 1125 2157 1338 2248; x_wconf 88' lang='lat' dir='ltr'><strong>eloquentem</strong></span> 
     </span>
     <span class='ocr_line' id='line_1_18' title="bbox 272 2271 1335 2362; baseline 0.003 -23"><span class='ocrx_word' id='word_1_144' title='bbox 272 2272 381 2340; x_wconf 92' lang='lat' dir='ltr'><strong>adhue</strong></span> <span class='ocrx_word' id='word_1_145' title='bbox 393 2271 562 2339; x_wconf 88' lang='lat' dir='ltr'><strong>neminem</strong></span> <span class='ocrx_word' id='word_1_146' title='bbox 577 2271 787 2340; x_wconf 80' lang='lat' dir='ltr'><strong>declarabat.</strong></span> <span class='ocrx_word' id='word_1_147' title='bbox 806 2275 891 2339; x_wconf 88' lang='lat' dir='ltr'><strong>Eam</strong></span> <span class='ocrx_word' id='word_1_148' title='bbox 907 2273 1045 2362; x_wconf 90' lang='lat' dir='ltr'><strong>saepius</strong></span> <span class='ocrx_word' id='word_1_149' title='bbox 1057 2285 1299 2341; x_wconf 91' lang='lat' dir='ltr'><strong>commemorat</strong></span> <span class='ocrx_word' id='word_1_150' title='bbox 1312 2275 1335 2342; x_wconf 69' lang='lat'><strong>2.</strong></span> 
     </span>
     <span class='ocr_line' id='line_1_19' title="bbox 273 2387 1338 2478; baseline -0.001 -23"><span class='ocrx_word' id='word_1_151' title='bbox 273 2392 323 2455; x_wconf 90' lang='lat' dir='ltr'><strong>De</strong></span> <span class='ocrx_word' id='word_1_152' title='bbox 344 2388 492 2455; x_wconf 90' lang='lat' dir='ltr'><strong>statibus</strong></span> <span class='ocrx_word' id='word_1_153' title='bbox 514 2411 600 2478; x_wconf 88' lang='lat' dir='ltr'><strong>quae</strong></span> <span class='ocrx_word' id='word_1_154' title='bbox 622 2387 743 2456; x_wconf 91' lang='lat' dir='ltr'><strong>Cicero</strong></span> <span class='ocrx_word' id='word_1_155' title='bbox 763 2387 948 2455; x_wconf 87' lang='lat' dir='ltr'><strong>Antonium</strong></span> <span class='ocrx_word' id='word_1_156' title='bbox 968 2389 1136 2456; x_wconf 86' lang='lat' dir='ltr'><strong>dicentem</strong></span> <span class='ocrx_word' id='word_1_157' title='bbox 1160 2389 1242 2456; x_wconf 84' lang='lat' dir='ltr'><strong>facit</strong></span> <span class='ocrx_word' id='word_1_158' title='bbox 1264 2413 1338 2456; x_wconf 92' lang='lat' dir='ltr'><strong>eum</strong></span> 
     </span>
     <span class='ocr_line' id='line_1_20' title="bbox 271 2503 1338 2595; baseline 0.003 -26"><span class='ocrx_word' id='word_1_159' title='bbox 271 2503 314 2570; x_wconf 92' lang='lat' dir='ltr'><strong>iis</strong></span> <span class='ocrx_word' id='word_1_160' title='bbox 330 2527 416 2594; x_wconf 88' lang='lat' dir='ltr'><strong>quae</strong></span> <span class='ocrx_word' id='word_1_161' title='bbox 432 2503 466 2570; x_wconf 93' lang='lat' dir='ltr'><strong>in</strong></span> <span class='ocrx_word' id='word_1_162' title='bbox 482 2503 596 2570; x_wconf 92' lang='lat' dir='ltr'><strong>libello</strong></span> <span class='ocrx_word' id='word_1_163' title='bbox 612 2527 674 2570; x_wconf 91' lang='lat' dir='ltr'><strong>suo</strong></span> <span class='ocrx_word' id='word_1_164' title='bbox 690 2504 823 2571; x_wconf 88' lang='lat' dir='ltr'><strong>dixerat</strong></span> <span class='ocrx_word' id='word_1_165' title='bbox 838 2515 1031 2595; x_wconf 89' lang='lat' dir='ltr'><strong>congruunt</strong></span> <span class='ocrx_word' id='word_1_166' title='bbox 1049 2531 1056 2573; x_wconf 90' lang='lat'>:</span> <span class='ocrx_word' id='word_1_167' title='bbox 1073 2515 1144 2572; x_wconf 88' lang='lat' dir='ltr'><strong>tres</strong></span> <span class='ocrx_word' id='word_1_168' title='bbox 1161 2505 1251 2571; x_wconf 92' lang='lat' dir='ltr'><strong>enim</strong></span> <span class='ocrx_word' id='word_1_169' title='bbox 1268 2516 1338 2572; x_wconf 90' lang='lat' dir='ltr'><strong>sta-</strong></span> 
     </span>
     <span class='ocr_line' id='line_1_21' title="bbox 270 2619 1338 2710; baseline -0.001 -23"><span class='ocrx_word' id='word_1_170' title='bbox 270 2630 327 2687; x_wconf 92' lang='lat' dir='ltr'><strong>tus</strong></span> <span class='ocrx_word' id='word_1_171' title='bbox 345 2630 487 2710; x_wconf 91' lang='lat' dir='ltr'><strong>uterque</strong></span> <span class='ocrx_word' id='word_1_172' title='bbox 508 2619 701 2710; x_wconf 83' lang='lat' dir='ltr'><strong>distinguit,</strong></span> <span class='ocrx_word' id='word_1_173' title='bbox 720 2620 780 2687; x_wconf 88' lang='lat' dir='ltr'><strong>sed</strong></span> <span class='ocrx_word' id='word_1_174' title='bbox 801 2619 927 2687; x_wconf 83' lang='lat' dir='ltr'><strong>Antoni</strong></span> <span class='ocrx_word' id='word_1_175' title='bbox 943 2620 1145 2697; x_wconf 88' lang='lat' dir='ltr'><strong>divisionem</strong></span> <span class='ocrx_word' id='word_1_176' title='bbox 1162 2621 1283 2689; x_wconf 88' lang='lat' dir='ltr'><strong>Cicero</strong></span> <span class='ocrx_word' id='word_1_177' title='bbox 1299 2644 1338 2687; x_wconf 90' lang='lat' dir='ltr'><strong>ex</strong></span> 
     </span>
     <span class='ocr_line' id='line_1_22' title="bbox 273 2735 803 2825; baseline 0 -22"><span class='ocrx_word' id='word_1_178' title='bbox 273 2737 409 2804; x_wconf 90' lang='lat' dir='ltr'><strong>Graeca</strong></span> <span class='ocrx_word' id='word_1_179' title='bbox 424 2735 605 2825; x_wconf 91' lang='lat' dir='ltr'><strong>disciplina</strong></span> <span class='ocrx_word' id='word_1_180' title='bbox 621 2735 779 2803; x_wconf 89' lang='lat' dir='ltr'><strong>emendat</strong></span> <span class='ocrx_word' id='word_1_181' title='bbox 797 2762 803 2803; x_wconf 79' lang='lat' dir='ltr'><strong><em>z</em></strong></span> 
     </span>
    </p>
   </div>
   <div class='ocr_carea' id='block_1_5' title="bbox 270 2876 1338 3667">
    <p class='ocr_par' dir='ltr' id='par_1_6' title="bbox 270 2876 1337 3220">
     <span class='ocr_line' id='line_1_23' title="bbox 311 2876 1337 2961; baseline 0.002 -23"><span class='ocrx_word' id='word_1_182' title='bbox 311 2876 387 2939; x_wconf 91' lang='lat' dir='ltr'><strong>Tria</strong></span> <span class='ocrx_word' id='word_1_183' title='bbox 403 2886 477 2939; x_wconf 92' lang='lat' dir='ltr'><strong>sunt</strong></span> <span class='ocrx_word' id='word_1_184' title='bbox 492 2877 621 2938; x_wconf 94' lang='lat' dir='ltr'><strong>omnino</strong></span> <span class='ocrx_word' id='word_1_185' title='bbox 637 2897 767 2960; x_wconf 89' lang='lat' dir='ltr'><strong>genera,</strong></span> <span class='ocrx_word' id='word_1_186' title='bbox 785 2898 867 2960; x_wconf 89' lang='lat' dir='ltr'><strong>quae</strong></span> <span class='ocrx_word' id='word_1_187' title='bbox 886 2879 918 2939; x_wconf 93' lang='lat' dir='ltr'><strong>in</strong></span> <span class='ocrx_word' id='word_1_188' title='bbox 934 2878 1200 2961; x_wconf 90' lang='lat' dir='ltr'><strong>disceptationem</strong></span> <span class='ocrx_word' id='word_1_189' title='bbox 1216 2889 1248 2941; x_wconf 91' lang='lat' dir='ltr'><strong>et</strong></span> <span class='ocrx_word' id='word_1_190' title='bbox 1262 2899 1337 2941; x_wconf 90' lang='lat' dir='ltr'><strong>con-</strong></span> 
     </span>
     <span class='ocr_line' id='line_1_24' title="bbox 270 2966 1337 3048; baseline -0.001 -19"><span class='ocrx_word' id='word_1_191' title='bbox 270 2967 459 3029; x_wconf 88' lang='lat' dir='ltr'><strong>troversiam</strong></span> <span class='ocrx_word' id='word_1_192' title='bbox 479 2966 593 3028; x_wconf 91' lang='lat' dir='ltr'><strong>cadere</strong></span> <span class='ocrx_word' id='word_1_193' title='bbox 613 2967 739 3048; x_wconf 91' lang='lat' dir='ltr'><strong>possint</strong></span> <span class='ocrx_word' id='word_1_194' title='bbox 760 2989 766 3028; x_wconf 91' lang='lat'>:</span> <span class='ocrx_word' id='word_1_195' title='bbox 792 2993 804 3022; x_wconf 80' lang='grc' dir='ltr'>ι</span> <span class='ocrx_word' id='word_1_196' title='bbox 828 2967 913 3046; x_wconf 90' lang='lat' dir='ltr'><strong>Quid</strong></span> <span class='ocrx_word' id='word_1_197' title='bbox 932 2968 998 3042; x_wconf 86' lang='lat' dir='ltr'><strong>fiat,</strong></span> <span class='ocrx_word' id='word_1_198' title='bbox 1020 2968 1139 3031; x_wconf 86' lang='lat' dir='ltr'><strong>lactum</strong></span> <span class='ocrx_word' id='word_1_199' title='bbox 1159 2968 1337 3030; x_wconf 78' lang='lat' dir='ltr'><strong>futurumve</strong></span> 
     </span>
     <span class='ocr_line' id='line_1_25' title="bbox 273 3055 1337 3136; baseline 0.001 -19"><span class='ocrx_word' id='word_1_200' title='bbox 273 3082 286 3112; x_wconf 91' lang='lat'>«</span> <span class='ocrx_word' id='word_1_201' title='bbox 305 3055 389 3130; x_wconf 83' lang='lat' dir='ltr'><strong>sit»,</strong></span> <span class='ocrx_word' id='word_1_202' title='bbox 407 3066 463 3117; x_wconf 88' lang='lat' dir='ltr'><strong>aut</strong></span> <span class='ocrx_word' id='word_1_203' title='bbox 482 3081 495 3111; x_wconf 77' lang='grc' dir='ltr'><strong>(ι</strong></span> <span class='ocrx_word' id='word_1_204' title='bbox 518 3055 620 3134; x_wconf 85' lang='lat' dir='ltr'><strong>Quale</strong></span> <span class='ocrx_word' id='word_1_205' title='bbox 640 3055 682 3118; x_wconf 85' lang='lat' dir='ltr'><strong>sit</strong></span> <span class='ocrx_word' id='word_1_206' title='bbox 704 3081 729 3130; x_wconf 84' lang='lat' dir='ltr'><strong>r,</strong></span> <span class='ocrx_word' id='word_1_207' title='bbox 747 3064 802 3117; x_wconf 86' lang='lat' dir='ltr'><strong>aut</strong></span> <span class='ocrx_word' id='word_1_208' title='bbox 819 3082 831 3113; x_wconf 91' lang='lat'>«</span> <span class='ocrx_word' id='word_1_209' title='bbox 851 3056 1019 3136; x_wconf 86' lang='lat' dir='ltr'><strong>Quomodo</strong></span> <span class='ocrx_word' id='word_1_210' title='bbox 1042 3057 1268 3119; x_wconf 87' lang='lat' dir='ltr'><strong>nominetur».</strong></span> <span class='ocrx_word' id='word_1_211' title='bbox 1291 3056 1337 3118; x_wconf 86' lang='lat' dir='ltr'><strong>De</strong></span> 
     </span>
     <span class='ocr_line' id='line_1_26' title="bbox 272 3145 540 3220; baseline -0.007 -13"><span class='ocrx_word' id='word_1_212' title='bbox 272 3145 341 3220; x_wconf 93' lang='lat' dir='ltr'><strong>Or.,</strong></span> <span class='ocrx_word' id='word_1_213' title='bbox 358 3150 387 3220; x_wconf 91' lang='lat'><strong>2,</strong></span> <span class='ocrx_word' id='word_1_214' title='bbox 405 3149 454 3218; x_wconf 88' lang='lat'><strong>26,</strong></span> <span class='ocrx_word' id='word_1_215' title='bbox 473 3150 540 3206; x_wconf 89' lang='lat'><strong>113.</strong></span> 
     </span>
    </p>

    <p class='ocr_par' dir='ltr' id='par_1_7' title="bbox 271 3233 1338 3667">
     <span class='ocr_line' id='line_1_27' title="bbox 311 3233 1338 3318; baseline 0.002 -24"><span class='ocrx_word' id='word_1_216' title='bbox 311 3234 339 3294; x_wconf 91' lang='lat' dir='ltr'><strong>A</strong></span> <span class='ocrx_word' id='word_1_217' title='bbox 363 3233 510 3316; x_wconf 92' lang='lat' dir='ltr'><strong>plurimis</strong></span> <span class='ocrx_word' id='word_1_218' title='bbox 539 3243 604 3294; x_wconf 87' lang='lat' dir='ltr'><strong>tres</strong></span> <span class='ocrx_word' id='word_1_219' title='bbox 629 3242 703 3295; x_wconf 91' lang='lat' dir='ltr'><strong>sunt</strong></span> <span class='ocrx_word' id='word_1_220' title='bbox 729 3233 803 3295; x_wconf 86' lang='lat' dir='ltr'><strong>lacti</strong></span> <span class='ocrx_word' id='word_1_221' title='bbox 830 3233 998 3317; x_wconf 85' lang='lat' dir='ltr'><strong>generales</strong></span> <span class='ocrx_word' id='word_1_222' title='bbox 1023 3243 1136 3310; x_wconf 78' lang='lat' dir='ltr'><strong>statuS,</strong></span> <span class='ocrx_word' id='word_1_223' title='bbox 1168 3235 1284 3318; x_wconf 90' lang='lat' dir='ltr'><strong>quibus</strong></span> <span class='ocrx_word' id='word_1_224' title='bbox 1308 3243 1338 3296; x_wconf 89' lang='lat' dir='ltr'><strong>et</strong></span> 
     </span>
     <span class='ocr_line' id='line_1_28' title="bbox 272 3320 1337 3386; baseline 0 -2"><span class='ocrx_word' id='word_1_225' title='bbox 272 3322 385 3384; x_wconf 90' lang='lat' dir='ltr'><strong>Cicero</strong></span> <span class='ocrx_word' id='word_1_226' title='bbox 405 3323 437 3382; x_wconf 92' lang='lat' dir='ltr'><strong>in</strong></span> <span class='ocrx_word' id='word_1_227' title='bbox 458 3323 593 3384; x_wconf 89' lang='lat' dir='ltr'><strong>Oratore</strong></span> <span class='ocrx_word' id='word_1_228' title='bbox 612 3323 748 3384; x_wconf 91' lang='lat' dir='ltr'><strong>utitur...</strong></span> <span class='ocrx_word' id='word_1_229' title='bbox 768 3331 779 3366; x_wconf 86' lang='lat'>³</span> <span class='ocrx_word' id='word_1_230' title='bbox 798 3320 871 3384; x_wconf 91' lang='lat' dir='ltr'><strong>Tris</strong></span> <span class='ocrx_word' id='word_1_231' title='bbox 891 3323 966 3385; x_wconf 89' lang='lat' dir='ltr'><strong>fecit</strong></span> <span class='ocrx_word' id='word_1_232' title='bbox 985 3333 1017 3385; x_wconf 92' lang='lat' dir='ltr'><strong>et</strong></span> <span class='ocrx_word' id='word_1_233' title='bbox 1037 3323 1083 3385; x_wconf 92' lang='lat' dir='ltr'><strong>M.</strong></span> <span class='ocrx_word' id='word_1_234' title='bbox 1105 3326 1269 3386; x_wconf 81' lang='lat' dir='ltr'><strong>Antonius</strong></span> <span class='ocrx_word' id='word_1_235' title='bbox 1288 3323 1337 3384; x_wconf 91' lang='lat' dir='ltr'><strong>his</strong></span> 
     </span>
     <span class='ocr_line' id='line_1_29' title="bbox 271 3410 1338 3495; baseline 0.001 -23"><span class='ocrx_word' id='word_1_236' title='bbox 271 3411 400 3495; x_wconf 90' lang='lat' dir='ltr'><strong>quidem</strong></span> <span class='ocrx_word' id='word_1_237' title='bbox 415 3411 546 3473; x_wconf 89' lang='lat' dir='ltr'><strong>verbis:</strong></span> <span class='ocrx_word' id='word_1_238' title='bbox 567 3437 579 3467; x_wconf 79' lang='grc' dir='ltr'>ι</span> <span class='ocrx_word' id='word_1_239' title='bbox 597 3410 722 3473; x_wconf 89' lang='lat' dir='ltr'><strong>Paucae</strong></span> <span class='ocrx_word' id='word_1_240' title='bbox 743 3431 793 3472; x_wconf 91' lang='lat' dir='ltr'><strong>res</strong></span> <span class='ocrx_word' id='word_1_241' title='bbox 814 3421 898 3486; x_wconf 85' lang='lat' dir='ltr'><strong>sunt,</strong></span> <span class='ocrx_word' id='word_1_242' title='bbox 916 3412 1033 3494; x_wconf 90' lang='lat' dir='ltr'><strong>quibus</strong></span> <span class='ocrx_word' id='word_1_243' title='bbox 1052 3432 1091 3473; x_wconf 93' lang='lat' dir='ltr'><strong>ex</strong></span> <span class='ocrx_word' id='word_1_244' title='bbox 1112 3413 1207 3474; x_wconf 91' lang='lat' dir='ltr'><strong>rebus</strong></span> <span class='ocrx_word' id='word_1_245' title='bbox 1227 3432 1338 3474; x_wconf 93' lang='lat' dir='ltr'><strong>omnes</strong></span> 
     </span>
     <span class='ocr_line' id='line_1_30' title="bbox 273 3499 1335 3576; baseline 0.006 -20"><span class='ocrx_word' id='word_1_246' title='bbox 273 3499 465 3561; x_wconf 87' lang='lat' dir='ltr'><strong>«orationes</strong></span> <span class='ocrx_word' id='word_1_247' title='bbox 491 3509 674 3572; x_wconf 90' lang='lat' dir='ltr'><strong>nascuntur,</strong></span> <span class='ocrx_word' id='word_1_248' title='bbox 701 3499 829 3574; x_wconf 86' lang='lat' dir='ltr'><strong>lactum,</strong></span> <span class='ocrx_word' id='word_1_249' title='bbox 856 3521 919 3561; x_wconf 91' lang='lat' dir='ltr'><strong>non</strong></span> <span class='ocrx_word' id='word_1_250' title='bbox 946 3500 1086 3576; x_wconf 81' lang='lat' dir='ltr'><strong>factum3</strong></span> <span class='ocrx_word' id='word_1_251' title='bbox 1113 3500 1174 3574; x_wconf 73' lang='lat' dir='ltr'><strong>ius</strong></span> <span class='ocrx_word' id='word_1_252' title='bbox 1200 3501 1335 3575; x_wconf 93' lang='lat' dir='ltr'><strong>iniuria;</strong></span> 
     </span>
     <span class='ocr_line' id='line_1_31' title="bbox 274 3588 998 3667; baseline -0.001 -17"><span class='ocrx_word' id='word_1_253' title='bbox 274 3614 286 3645; x_wconf 81' lang='grc' dir='ltr'>ι</span> <span class='ocrx_word' id='word_1_254' title='bbox 305 3589 435 3663; x_wconf 92' lang='lat' dir='ltr'><strong>bonum,</strong></span> <span class='ocrx_word' id='word_1_255' title='bbox 453 3588 582 3650; x_wconf 93' lang='lat' dir='ltr'><strong>malum.</strong></span> <span class='ocrx_word' id='word_1_256' title='bbox 603 3614 616 3644; x_wconf 75' lang='grc' dir='ltr'>ι</span> <span class='ocrx_word' id='word_1_257' title='bbox 634 3588 781 3667; x_wconf 86' lang='lat' dir='ltr'><strong>Quintil,</strong></span> <span class='ocrx_word' id='word_1_258' title='bbox 799 3593 828 3662; x_wconf 88' lang='lat'><strong>3,</strong></span> <span class='ocrx_word' id='word_1_259' title='bbox 845 3593 874 3662; x_wconf 87' lang='lat'><strong>6,</strong></span> <span class='ocrx_word' id='word_1_260' title='bbox 892 3592 998 3649; x_wconf 92' lang='grc'>44-45.</span> 
     </span>
    </p>
   </div>
   <div class='ocr_carea' id='block_1_6' title="bbox 316 3719 1338 3813">
    <p class='ocr_par' dir='ltr' id='par_1_8' title="bbox 316 3719 1338 3813">
     <span class='ocr_line' id='line_1_32' title="bbox 316 3719 1338 3813; baseline 0.001 -25"><span class='ocrx_word' id='word_1_261' title='bbox 316 3721 494 3808; x_wconf 88' lang='lat' dir='ltr'><strong>Quaedam</strong></span> <span class='ocrx_word' id='word_1_262' title='bbox 519 3720 621 3788; x_wconf 89' lang='lat' dir='ltr'><strong>etiam</strong></span> <span class='ocrx_word' id='word_1_263' title='bbox 646 3719 713 3788; x_wconf 92' lang='lat' dir='ltr'><strong>alia</strong></span> <span class='ocrx_word' id='word_1_264' title='bbox 732 3721 756 3804; x_wconf 81' lang='lat'><strong>4,</strong></span> <span class='ocrx_word' id='word_1_265' title='bbox 783 3745 869 3812; x_wconf 92' lang='lat' dir='ltr'><strong>quae</strong></span> <span class='ocrx_word' id='word_1_266' title='bbox 893 3722 1006 3811; x_wconf 91' lang='lat' dir='ltr'><strong>potius</strong></span> <span class='ocrx_word' id='word_1_267' title='bbox 1027 3746 1068 3788; x_wconf 89' lang='lat' dir='ltr'><strong>ex</strong></span> <span class='ocrx_word' id='word_1_268' title='bbox 1089 3745 1154 3788; x_wconf 91' lang='lat' dir='ltr'><strong>usu</strong></span> <span class='ocrx_word' id='word_1_269' title='bbox 1176 3745 1279 3813; x_wconf 90' lang='lat' dir='ltr'><strong>quarn</strong></span> <span class='ocrx_word' id='word_1_270' title='bbox 1299 3746 1338 3789; x_wconf 88' lang='lat' dir='ltr'><strong>ex</strong></span> 
     </span>
    </p>
   </div>
   <div class='ocr_carea' id='block_1_7' title="bbox 262 3898 1338 4371">
    <p class='ocr_par' dir='ltr' id='par_1_9' title="bbox 262 3898 1240 3971">
     <span class='ocr_line' id='line_1_33' title="bbox 262 3898 1240 3971; baseline 0.002 -21"><span class='ocrx_word' id='word_1_271' title='bbox 262 3947 266 3956; x_wconf 89' lang='grc'>,</span> <span class='ocrx_word' id='word_1_272' title='bbox 308 3902 330 3950; x_wconf 93' lang='grc'><strong>1.</strong></span> <span class='ocrx_word' id='word_1_273' title='bbox 350 3901 461 3969; x_wconf 87' lang='lat' dir='ltr'><strong>Deque</strong></span> <span class='ocrx_word' id='word_1_274' title='bbox 476 3900 511 3952; x_wconf 85' lang='lat' dir='ltr'><strong>cl.</strong></span> <span class='ocrx_word' id='word_1_275' title='bbox 529 3900 691 3961; x_wconf 85' lang='lat' dir='ltr'><strong>Enderlein,</strong></span> <span class='ocrx_word' id='word_1_276' title='bbox 709 3903 749 3952; x_wconf 90' lang='lat' dir='ltr'><strong>De</strong></span> <span class='ocrx_word' id='word_1_277' title='bbox 764 3901 801 3950; x_wconf 93' lang='lat' dir='ltr'><strong>M.</strong></span> <span class='ocrx_word' id='word_1_278' title='bbox 821 3898 943 3952; x_wconf 85' lang='lat' dir='ltr'><strong>Antonio</strong></span> <span class='ocrx_word' id='word_1_279' title='bbox 959 3907 1080 3959; x_wconf 84' lang='lat' dir='ltr'><strong>oratore,</strong></span> <span class='ocrx_word' id='word_1_280' title='bbox 1099 3920 1127 3971; x_wconf 94' lang='lat' dir='ltr'><strong>p.</strong></span> <span class='ocrx_word' id='word_1_281' title='bbox 1145 3901 1240 3954; x_wconf 85' lang='lat'><strong>43-48.</strong></span> 
     </span>
    </p>

    <p class='ocr_par' dir='ltr' id='par_1_10' title="bbox 307 3980 1229 4042">
     <span class='ocr_line' id='line_1_34' title="bbox 307 3980 1229 4042; baseline 0 -10"><span class='ocrx_word' id='word_1_282' title='bbox 307 3982 333 4032; x_wconf 84' lang='lat'><strong>2.</strong></span> <span class='ocrx_word' id='word_1_283' title='bbox 350 3981 392 4032; x_wconf 89' lang='lat' dir='ltr'><strong>De</strong></span> <span class='ocrx_word' id='word_1_284' title='bbox 406 3980 468 4041; x_wconf 91' lang='lat' dir='ltr'><strong>Or.,</strong></span> <span class='ocrx_word' id='word_1_285' title='bbox 486 3982 510 4041; x_wconf 91' lang='lat'><strong>1,</strong></span> <span class='ocrx_word' id='word_1_286' title='bbox 526 3981 568 4041; x_wconf 80' lang='lat'><strong>21,</strong></span> <span class='ocrx_word' id='word_1_287' title='bbox 586 3981 678 4041; x_wconf 83' lang='lat'><strong>94;3,</strong></span> <span class='ocrx_word' id='word_1_288' title='bbox 695 3981 737 4041; x_wconf 85' lang='lat'><strong>14,</strong></span> <span class='ocrx_word' id='word_1_289' title='bbox 756 3981 806 4040; x_wconf 86' lang='lat'><strong>54;</strong></span> <span class='ocrx_word' id='word_1_290' title='bbox 823 3981 848 4042; x_wconf 83' lang='lat'><strong>3,</strong></span> <span class='ocrx_word' id='word_1_291' title='bbox 867 3981 991 4041; x_wconf 81' lang='lat'><strong>49,189;</strong></span> <span class='ocrx_word' id='word_1_292' title='bbox 1010 3981 1045 4033; x_wconf 86' lang='lat' dir='ltr'><strong>el.</strong></span> <span class='ocrx_word' id='word_1_293' title='bbox 1062 3982 1125 4042; x_wconf 68' lang='lat' dir='ltr'><strong>Or„</strong></span> <span class='ocrx_word' id='word_1_294' title='bbox 1143 3981 1168 4042; x_wconf 89' lang='lat'><strong>5,</strong></span> <span class='ocrx_word' id='word_1_295' title='bbox 1186 3982 1229 4034; x_wconf 85' lang='lat'><strong>18.</strong></span> 
     </span>
    </p>

    <p class='ocr_par' dir='ltr' id='par_1_11' title="bbox 307 4060 533 4120">
     <span class='ocr_line' id='line_1_35' title="bbox 307 4060 533 4120; baseline -0.004 -9"><span class='ocrx_word' id='word_1_296' title='bbox 307 4061 333 4111; x_wconf 92' lang='grc'><strong>3.</strong></span> <span class='ocrx_word' id='word_1_297' title='bbox 351 4060 413 4120; x_wconf 89' lang='lat' dir='ltr'><strong>Or.,</strong></span> <span class='ocrx_word' id='word_1_298' title='bbox 429 4061 472 4120; x_wconf 83' lang='grc'>44,</span> <span class='ocrx_word' id='word_1_299' title='bbox 490 4060 533 4111; x_wconf 83' lang='grc'><strong>45,</strong></span> 
     </span>
    </p>

    <p class='ocr_par' dir='ltr' id='par_1_12' title="bbox 271 4139 1338 4371">
     <span class='ocr_line' id='line_1_36' title="bbox 307 4139 1337 4211; baseline 0.002 -20"><span class='ocrx_word' id='word_1_300' title='bbox 307 4141 332 4191; x_wconf 88' lang='grc'><strong>4.</strong></span> <span class='ocrx_word' id='word_1_301' title='bbox 350 4141 484 4191; x_wconf 87' lang='lat' dir='ltr'><strong>Fortasse</strong></span> <span class='ocrx_word' id='word_1_302' title='bbox 495 4149 526 4190; x_wconf 89' lang='lat' dir='ltr'><strong>ut</strong></span> <span class='ocrx_word' id='word_1_303' title='bbox 539 4140 636 4192; x_wconf 88' lang='lat' dir='ltr'><strong>Hirzel</strong></span> <span class='ocrx_word' id='word_1_304' title='bbox 652 4140 719 4207; x_wconf 85' lang='lat' dir='ltr'><strong>(Der</strong></span> <span class='ocrx_word' id='word_1_305' title='bbox 730 4139 842 4208; x_wconf 80' lang='lat' dir='ltr'><strong>Dialog,</strong></span> <span class='ocrx_word' id='word_1_306' title='bbox 857 4141 878 4201; x_wconf 90' lang='grc' dir='ltr'>Ι,</span> <span class='ocrx_word' id='word_1_307' title='bbox 894 4159 922 4210; x_wconf 93' lang='lat' dir='ltr'><strong>p.</strong></span> <span class='ocrx_word' id='word_1_308' title='bbox 935 4141 995 4201; x_wconf 82' lang='lat'><strong>482,</strong></span> <span class='ocrx_word' id='word_1_309' title='bbox 1011 4160 1038 4191; x_wconf 91' lang='lat' dir='ltr'><strong>u.</strong></span> <span class='ocrx_word' id='word_1_310' title='bbox 1053 4142 1081 4208; x_wconf 90' lang='grc'><strong>3)</strong></span> <span class='ocrx_word' id='word_1_311' title='bbox 1097 4149 1124 4192; x_wconf 87' lang='lat' dir='ltr'><strong>et</strong></span> <span class='ocrx_word' id='word_1_312' title='bbox 1140 4141 1221 4193; x_wconf 91' lang='lat' dir='ltr'><strong>Cima</strong></span> <span class='ocrx_word' id='word_1_313' title='bbox 1237 4140 1337 4211; x_wconf 75' lang='lat' dir='ltr'><strong>(L&#39;elo-</strong></span> 
     </span>
     <span class='ocr_line' id='line_1_37' title="bbox 272 4218 1337 4294; baseline -0.001 -22"><span class='ocrx_word' id='word_1_314' title='bbox 272 4236 381 4292; x_wconf 77' lang='lat' dir='ltr'><strong>quenza</strong></span> <span class='ocrx_word' id='word_1_315' title='bbox 402 4218 494 4271; x_wconf 83' lang='lat' dir='ltr'><strong>latina</strong></span> <span class='ocrx_word' id='word_1_316' title='bbox 511 4218 608 4294; x_wconf 86' lang='lat' dir='ltr'><strong>prima</strong></span> <span class='ocrx_word' id='word_1_317' title='bbox 628 4219 659 4271; x_wconf 85' lang='lat' dir='ltr'><strong>di</strong></span> <span class='ocrx_word' id='word_1_318' title='bbox 686 4218 825 4276; x_wconf 86' lang='lat' dir='ltr'><strong>Cicerone,</strong></span> <span class='ocrx_word' id='word_1_319' title='bbox 848 4239 876 4290; x_wconf 94' lang='lat' dir='ltr'><strong>p.</strong></span> <span class='ocrx_word' id='word_1_320' title='bbox 903 4221 964 4281; x_wconf 86' lang='grc'>166,</span> <span class='ocrx_word' id='word_1_321' title='bbox 986 4239 1012 4271; x_wconf 91' lang='lat' dir='ltr'><strong>n.</strong></span> <span class='ocrx_word' id='word_1_322' title='bbox 1039 4222 1064 4284; x_wconf 68' lang='lat'><strong>2)</strong></span> <span class='ocrx_word' id='word_1_323' title='bbox 1087 4221 1279 4290; x_wconf 88' lang='lat' dir='ltr'><strong>suspicantur,</strong></span> <span class='ocrx_word' id='word_1_324' title='bbox 1305 4238 1337 4272; x_wconf 89' lang='lat' dir='ltr'><strong>ex</strong></span> 
     </span>
     <span class='ocr_line' id='line_1_38' title="bbox 271 4297 1338 4371; baseline -0.002 -19"><span class='ocrx_word' id='word_1_325' title='bbox 271 4299 371 4352; x_wconf 90' lang='lat' dir='ltr'><strong>eodem</strong></span> <span class='ocrx_word' id='word_1_326' title='bbox 384 4297 483 4351; x_wconf 92' lang='lat' dir='ltr'><strong>libello</strong></span> <span class='ocrx_word' id='word_1_327' title='bbox 498 4308 610 4368; x_wconf 91' lang='lat' dir='ltr'><strong>sumpta</strong></span> <span class='ocrx_word' id='word_1_328' title='bbox 620 4308 684 4350; x_wconf 88' lang='lat' dir='ltr'><strong>sunt</strong></span> <span class='ocrx_word' id='word_1_329' title='bbox 695 4316 766 4369; x_wconf 86' lang='lat' dir='ltr'><strong>quae</strong></span> <span class='ocrx_word' id='word_1_330' title='bbox 780 4300 815 4351; x_wconf 86' lang='lat' dir='ltr'><strong>de</strong></span> <span class='ocrx_word' id='word_1_331' title='bbox 830 4298 996 4351; x_wconf 88' lang='lat' dir='ltr'><strong>rhetoribus</strong></span> <span class='ocrx_word' id='word_1_332' title='bbox 1009 4299 1251 4371; x_wconf 83' lang='lat' dir='ltr'><strong>philosophisque</strong></span> <span class='ocrx_word' id='word_1_333' title='bbox 1265 4300 1338 4352; x_wconf 88' lang='lat' dir='ltr'><strong>inter</strong></span> 
     </span>
    </p>
   </div>
   <div class='ocr_carea' id='block_1_8' title="bbox 0 0 1536 5050">
    <p class='ocr_par' dir='ltr' id='par_1_13' title="bbox 0 0 1536 5050">
     <span class='ocr_line' id='line_1_39' title="bbox 0 0 1536 5050; baseline 0 0"><span class='ocrx_word' id='word_1_334' title='bbox 0 0 1536 5050; x_wconf 95' lang='lat' dir='ltr'><strong> </strong></span> 
     </span>
    </p>
   </div>
  </div>
 </body>
</html>
