<?xml version="1.0" encoding="UTF-8"?>
<!DOCTYPE html PUBLIC "-//W3C//DTD XHTML 1.0 Transitional//EN"
    "http://www.w3.org/TR/xhtml1/DTD/xhtml1-transitional.dtd">
<html xmlns="http://www.w3.org/1999/xhtml" xml:lang="en" lang="en">
 <head>
  <title>
</title>
<meta http-equiv="Content-Type" content="text/html;charset=utf-8" />
  <meta name='ocr-system' content='tesseract 3.04.00' />
  <meta name='ocr-capabilities' content='ocr_page ocr_carea ocr_par ocr_line ocrx_word'/>
</head>
<body>
  <div class='ocr_page' id='page_1' title='image "./demtulliciceron00laurgoog_0067.png"; bbox 0 0 3086 5040; ppageno 0'>
   <div class='ocr_carea' id='block_1_1' title="bbox 243 443 1169 508">
    <p class='ocr_par' dir='ltr' id='par_1_1' title="bbox 243 443 1169 508">
     <span class='ocr_line' id='line_1_1' title="bbox 243 443 1169 508; baseline 0.001 -10"><span class='ocrx_word' id='word_1_1' title='bbox 243 443 278 498; x_wconf 74' lang='grc'>11)</span> <span class='ocrx_word' id='word_1_2' title='bbox 379 459 472 498; x_wconf 79' lang='lat' dir='ltr'>CAPUT</span> <span class='ocrx_word' id='word_1_3' title='bbox 491 459 521 498; x_wconf 87' lang='lat'>11.</span> <span class='ocrx_word' id='word_1_4' title='bbox 543 473 575 482; x_wconf 88' lang='grc'>-·</span> <span class='ocrx_word' id='word_1_5' title='bbox 595 459 664 508; x_wconf 84' lang='lat' dir='ltr'>QUID</span> <span class='ocrx_word' id='word_1_6' title='bbox 684 458 697 496; x_wconf 83' lang='lat' dir='ltr'>(l</span> <span class='ocrx_word' id='word_1_7' title='bbox 714 457 850 508; x_wconf 75' lang='lat' dir='ltr'>ANTIQUIS</span> <span class='ocrx_word' id='word_1_8' title='bbox 866 459 880 496; x_wconf 84' lang='lat' dir='ltr'>l)</span> <span class='ocrx_word' id='word_1_9' title='bbox 899 459 1002 500; x_wconf 79' lang='lat' dir='ltr'>CICERO</span> <span class='ocrx_word' id='word_1_10' title='bbox 1021 460 1169 502; x_wconf 71' lang='lat' dir='ltr'>nudentur</span> 
     </span>
    </p>
   </div>
   <div class='ocr_carea' id='block_1_2' title="bbox 241 592 1357 2535">
    <p class='ocr_par' dir='ltr' id='par_1_2' title="bbox 241 592 1357 2071">
     <span class='ocr_line' id='line_1_2' title="bbox 243 592 1306 683; baseline 0.001 -24"><span class='ocrx_word' id='word_1_11' title='bbox 243 592 426 683; x_wconf 79' lang='lat' dir='ltr'>scripsisse</span> <span class='ocrx_word' id='word_1_12' title='bbox 446 602 611 660; x_wconf 88' lang='lat' dir='ltr'>memorat</span> <span class='ocrx_word' id='word_1_13' title='bbox 631 593 654 659; x_wconf 83' lang='lat'>¹.</span> <span class='ocrx_word' id='word_1_14' title='bbox 677 595 883 661; x_wconf 87' lang='lat' dir='ltr'>Communes</span> <span class='ocrx_word' id='word_1_15' title='bbox 903 592 1155 683; x_wconf 78' lang='lat' dir='ltr'>disputationes</span> <span class='ocrx_word' id='word_1_16' title='bbox 1175 593 1216 661; x_wconf 92' lang='lat' dir='ltr'>de</span> <span class='ocrx_word' id='word_1_17' title='bbox 1235 593 1306 661; x_wconf 82' lang='lat' dir='ltr'>infr·</span> 
     </span>
     <span class='ocr_line' id='line_1_3' title="bbox 242 707 1307 799; baseline 0.002 -25"><span class='ocrx_word' id='word_1_18' title='bbox 242 707 324 775; x_wconf 92' lang='lat' dir='ltr'>nitis</span> <span class='ocrx_word' id='word_1_19' title='bbox 362 707 620 798; x_wconf 84' lang='lat' dir='ltr'>quaestionibus</span> <span class='ocrx_word' id='word_1_20' title='bbox 659 707 930 798; x_wconf 79' lang='lat' dir='ltr'>Theophrastus,</span> <span class='ocrx_word' id='word_1_21' title='bbox 969 709 1173 799; x_wconf 84' lang='lat' dir='ltr'>magistrum</span> <span class='ocrx_word' id='word_1_22' title='bbox 1208 733 1307 776; x_wconf 92' lang='lat' dir='ltr'>suum</span> 
     </span>
     <span class='ocr_line' id='line_1_4' title="bbox 244 823 1308 915; baseline 0.003 -25"><span class='ocrx_word' id='word_1_23' title='bbox 244 834 394 904; x_wconf 90' lang='lat' dir='ltr'>secutus,</span> <span class='ocrx_word' id='word_1_24' title='bbox 424 823 626 890; x_wconf 89' lang='lat' dir='ltr'>utilissimas</span> <span class='ocrx_word' id='word_1_25' title='bbox 654 823 839 904; x_wconf 88' lang='lat' dir='ltr'>iudicabat,</span> <span class='ocrx_word' id='word_1_26' title='bbox 879 823 1004 915; x_wconf 91' lang='lat' dir='ltr'>qnippe</span> <span class='ocrx_word' id='word_1_27' title='bbox 1041 825 1099 915; x_wconf 94' lang='lat' dir='ltr'>qui</span> <span class='ocrx_word' id='word_1_28' title='bbox 1135 825 1308 894; x_wconf 87' lang='lat' dir='ltr'>volumina</span> 
     </span>
     <span class='ocr_line' id='line_1_5' title="bbox 243 938 1307 1035; baseline 0.002 -29"><span class='ocrx_word' id='word_1_29' title='bbox 243 938 421 1028; x_wconf 83' lang='lat' dir='ltr'>scripserit</span> <span class='ocrx_word' id='word_1_30' title='bbox 453 962 539 1030; x_wconf 92' lang='lat' dir='ltr'>qnae</span> <span class='ocrx_word' id='word_1_31' title='bbox 571 941 657 1018; x_wconf 84' lang='grc' dir='ltr'><em>θέσεις</em></span> <span class='ocrx_word' id='word_1_32' title='bbox 689 938 964 1008; x_wconf 80' lang='lat' dir='ltr'>inscribebantur</span> <span class='ocrx_word' id='word_1_33' title='bbox 996 943 1020 1006; x_wconf 73' lang='lat'>2.</span> <span class='ocrx_word' id='word_1_34' title='bbox 1054 941 1205 1032; x_wconf 90' lang='lat' dir='ltr'>Denique</span> <span class='ocrx_word' id='word_1_35' title='bbox 1233 941 1307 1035; x_wconf 89' lang='lat' dir='ltr'>ipse</span> 
     </span>
     <span class='ocr_line' id='line_1_6' title="bbox 241 1054 1307 1147; baseline 0.003 -26"><span class='ocrx_word' id='word_1_36' title='bbox 241 1077 376 1145; x_wconf 89' lang='lat' dir='ltr'>quoque</span> <span class='ocrx_word' id='word_1_37' title='bbox 410 1056 573 1122; x_wconf 89' lang='lat' dir='ltr'>censebat</span> <span class='ocrx_word' id='word_1_38' title='bbox 605 1055 639 1122; x_wconf 95' lang='lat' dir='ltr'>in</span> <span class='ocrx_word' id='word_1_39' title='bbox 673 1054 826 1122; x_wconf 91' lang='lat' dir='ltr'>oratione</span> <span class='ocrx_word' id='word_1_40' title='bbox 860 1079 1037 1123; x_wconf 90' lang='lat' dir='ltr'>numerum</span> <span class='ocrx_word' id='word_1_41' title='bbox 1070 1081 1136 1124; x_wconf 95' lang='lat' dir='ltr'>non</span> <span class='ocrx_word' id='word_1_42' title='bbox 1168 1081 1307 1147; x_wconf 80' lang='lat' dir='ltr'>versum</span> 
     </span>
     <span class='ocr_line' id='line_1_7' title="bbox 242 1171 1308 1263; baseline 0.003 -26"><span class='ocrx_word' id='word_1_43' title='bbox 242 1171 357 1238; x_wconf 90' lang='lat' dir='ltr'>inesse</span> <span class='ocrx_word' id='word_1_44' title='bbox 373 1181 546 1261; x_wconf 80' lang='lat' dir='ltr'>oportere3</span> <span class='ocrx_word' id='word_1_45' title='bbox 564 1195 669 1263; x_wconf 91' lang='lat' dir='ltr'>quare</span> <span class='ocrx_word' id='word_1_46' title='bbox 684 1171 718 1238; x_wconf 94' lang='lat' dir='ltr'>in</span> <span class='ocrx_word' id='word_1_47' title='bbox 733 1171 835 1238; x_wconf 90' lang='lat' dir='ltr'>tertio</span> <span class='ocrx_word' id='word_1_48' title='bbox 850 1171 891 1238; x_wconf 89' lang='lat' dir='ltr'>de</span> <span class='ocrx_word' id='word_1_49' title='bbox 902 1173 1049 1240; x_wconf 83' lang='lat' dir='ltr'>Oratore</span> <span class='ocrx_word' id='word_1_50' title='bbox 1061 1175 1211 1241; x_wconf 85' lang='lat' dir='ltr'>Crassus</span> <span class='ocrx_word' id='word_1_51' title='bbox 1224 1173 1308 1241; x_wconf 92' lang='lat' dir='ltr'>haec</span> 
     </span>
     <span class='ocr_line' id='line_1_8' title="bbox 243 1286 1307 1380; baseline 0.004 -27"><span class='ocrx_word' id='word_1_52' title='bbox 243 1286 311 1354; x_wconf 88' lang='lat' dir='ltr'>ait:</span> <span class='ocrx_word' id='word_1_53' title='bbox 336 1313 352 1349; x_wconf 79' lang='lat' dir='ltr'>a</span> <span class='ocrx_word' id='word_1_54' title='bbox 374 1288 450 1377; x_wconf 86' lang='lat' dir='ltr'>Ego</span> <span class='ocrx_word' id='word_1_55' title='bbox 469 1286 551 1354; x_wconf 92' lang='lat' dir='ltr'>illud</span> <span class='ocrx_word' id='word_1_56' title='bbox 572 1287 744 1354; x_wconf 88' lang='lat' dir='ltr'>assentior</span> <span class='ocrx_word' id='word_1_57' title='bbox 763 1286 1011 1377; x_wconf 89' lang='lat' dir='ltr'>Theophrasto,</span> <span class='ocrx_word' id='word_1_58' title='bbox 1036 1289 1093 1380; x_wconf 92' lang='lat' dir='ltr'>qui</span> <span class='ocrx_word' id='word_1_59' title='bbox 1115 1300 1212 1379; x_wconf 91' lang='lat' dir='ltr'>putat</span> <span class='ocrx_word' id='word_1_60' title='bbox 1231 1312 1307 1357; x_wconf 91' lang='lat' dir='ltr'>ora-</span> 
     </span>
     <span class='ocr_line' id='line_1_9' title="bbox 242 1402 1306 1496; baseline 0.004 -28"><span class='ocrx_word' id='word_1_61' title='bbox 242 1402 380 1482; x_wconf 89' lang='lat' dir='ltr'>tionem,</span> <span class='ocrx_word' id='word_1_62' title='bbox 394 1425 480 1492; x_wconf 88' lang='lat' dir='ltr'>quae</span> <span class='ocrx_word' id='word_1_63' title='bbox 491 1402 628 1492; x_wconf 91' lang='lat' dir='ltr'>quidem</span> <span class='ocrx_word' id='word_1_64' title='bbox 642 1402 687 1471; x_wconf 91' lang='lat' dir='ltr'>sit</span> <span class='ocrx_word' id='word_1_65' title='bbox 699 1403 806 1492; x_wconf 93' lang='lat' dir='ltr'>polita</span> <span class='ocrx_word' id='word_1_66' title='bbox 819 1412 919 1494; x_wconf 91' lang='lat' dir='ltr'>atque</span> <span class='ocrx_word' id='word_1_67' title='bbox 931 1404 1021 1471; x_wconf 88' lang='lat' dir='ltr'>lacta</span> <span class='ocrx_word' id='word_1_68' title='bbox 1035 1404 1182 1496; x_wconf 90' lang='lat' dir='ltr'>quodam</span> <span class='ocrx_word' id='word_1_69' title='bbox 1195 1405 1306 1488; x_wconf 94' lang='lat' dir='ltr'>modo,</span> 
     </span>
     <span class='ocr_line' id='line_1_10' title="bbox 243 1517 1305 1605; baseline -0.002 -21"><span class='ocrx_word' id='word_1_70' title='bbox 243 1541 309 1584; x_wconf 94' lang='lat' dir='ltr'>non</span> <span class='ocrx_word' id='word_1_71' title='bbox 325 1517 465 1585; x_wconf 88' lang='lat' dir='ltr'>astricte</span> <span class='ocrx_word' id='word_1_72' title='bbox 482 1517 542 1584; x_wconf 89' lang='lat' dir='ltr'>sed</span> <span class='ocrx_word' id='word_1_73' title='bbox 558 1517 736 1586; x_wconf 89' lang='lat' dir='ltr'>remissius</span> <span class='ocrx_word' id='word_1_74' title='bbox 753 1540 969 1585; x_wconf 91' lang='lat' dir='ltr'>numerosam</span> <span class='ocrx_word' id='word_1_75' title='bbox 984 1539 1062 1582; x_wconf 90' lang='lat' dir='ltr'>esse</span> <span class='ocrx_word' id='word_1_76' title='bbox 1077 1520 1258 1605; x_wconf 78' lang='lat' dir='ltr'>oportere³</span> <span class='ocrx_word' id='word_1_77' title='bbox 1276 1545 1305 1582; x_wconf 78' lang='lat' dir='ltr'>n.</span> 
     </span>
     <span class='ocr_line' id='line_1_11' title="bbox 242 1631 1309 1726; baseline -0.004 -24"><span class='ocrx_word' id='word_1_78' title='bbox 242 1637 360 1724; x_wconf 85' lang='lat' dir='ltr'>Neque</span> <span class='ocrx_word' id='word_1_79' title='bbox 381 1657 455 1700; x_wconf 92' lang='lat' dir='ltr'>eam</span> <span class='ocrx_word' id='word_1_80' title='bbox 476 1635 585 1700; x_wconf 92' lang='lat' dir='ltr'>solum</span> <span class='ocrx_word' id='word_1_81' title='bbox 605 1634 704 1726; x_wconf 91' lang='lat' dir='ltr'>quasi</span> <span class='ocrx_word' id='word_1_82' title='bbox 724 1635 919 1724; x_wconf 89' lang='lat' dir='ltr'>generalem</span> <span class='ocrx_word' id='word_1_83' title='bbox 942 1633 1097 1722; x_wconf 86' lang='lat' dir='ltr'>regulam</span> <span class='ocrx_word' id='word_1_84' title='bbox 1119 1631 1309 1699; x_wconf 88' lang='lat' dir='ltr'>tradiderat</span> 
     </span>
     <span class='ocr_line' id='line_1_12' title="bbox 244 1747 1357 1837; baseline 0.001 -23"><span class='ocrx_word' id='word_1_85' title='bbox 244 1747 501 1837; x_wconf 88' lang='lat' dir='ltr'>Theophrastus</span> <span class='ocrx_word' id='word_1_86' title='bbox 513 1749 574 1816; x_wconf 91' lang='lat' dir='ltr'>sed</span> <span class='ocrx_word' id='word_1_87' title='bbox 587 1776 603 1811; x_wconf 75' lang='grc' dir='ltr'><strong>κ</strong></span> <span class='ocrx_word' id='word_1_88' title='bbox 617 1748 809 1816; x_wconf 86' lang='lat' dir='ltr'>accuratius</span> <span class='ocrx_word' id='word_1_89' title='bbox 823 1777 839 1812; x_wconf 86' lang='grc'>»</span> <span class='ocrx_word' id='word_1_90' title='bbox 852 1748 894 1815; x_wconf 91' lang='lat' dir='ltr'>de</span> <span class='ocrx_word' id='word_1_91' title='bbox 905 1747 959 1816; x_wconf 93' lang='lat' dir='ltr'>his</span> <span class='ocrx_word' id='word_1_92' title='bbox 970 1748 1073 1815; x_wconf 92' lang='lat' dir='ltr'>rebus</span> <span class='ocrx_word' id='word_1_93' title='bbox 1085 1747 1271 1837; x_wconf 86' lang='lat' dir='ltr'>scripserat</span> <span class='ocrx_word' id='word_1_94' title='bbox 1281 1748 1305 1814; x_wconf 76' lang='lat'>4.</span> <span class='ocrx_word' id='word_1_95' title='bbox 1355 1747 1357 1752; x_wconf 74' lang='grc'><strong>’</strong></span> 
     </span>
     <span class='ocr_line' id='line_1_13' title="bbox 244 1863 1308 1955; baseline 0 -26"><span class='ocrx_word' id='word_1_96' title='bbox 244 1866 363 1955; x_wconf 89' lang='lat' dir='ltr'>ltaque</span> <span class='ocrx_word' id='word_1_97' title='bbox 379 1863 452 1930; x_wconf 92' lang='lat' dir='ltr'>eius</span> <span class='ocrx_word' id='word_1_98' title='bbox 467 1863 628 1931; x_wconf 88' lang='lat' dir='ltr'>iudicium</span> <span class='ocrx_word' id='word_1_99' title='bbox 643 1864 685 1931; x_wconf 91' lang='lat' dir='ltr'>de</span> <span class='ocrx_word' id='word_1_100' title='bbox 700 1888 829 1954; x_wconf 89' lang='lat' dir='ltr'>paeane</span> <span class='ocrx_word' id='word_1_101' title='bbox 846 1864 966 1933; x_wconf 90' lang='lat' dir='ltr'>Cicero</span> <span class='ocrx_word' id='word_1_102' title='bbox 982 1873 1223 1931; x_wconf 85' lang='lat' dir='ltr'>commemorat</span> <span class='ocrx_word' id='word_1_103' title='bbox 1233 1887 1308 1931; x_wconf 90' lang='lat' dir='ltr'>cum</span> 
     </span>
     <span class='ocr_line' id='line_1_14' title="bbox 243 1979 1089 2071; baseline 0 -24"><span class='ocrx_word' id='word_1_104' title='bbox 243 1980 284 2047; x_wconf 90' lang='lat' dir='ltr'>de</span> <span class='ocrx_word' id='word_1_105' title='bbox 300 1979 443 2069; x_wconf 89' lang='lat' dir='ltr'>pedibus</span> <span class='ocrx_word' id='word_1_106' title='bbox 459 1979 493 2046; x_wconf 92' lang='lat' dir='ltr'>in</span> <span class='ocrx_word' id='word_1_107' title='bbox 508 1980 660 2047; x_wconf 92' lang='lat' dir='ltr'>oratione</span> <span class='ocrx_word' id='word_1_108' title='bbox 675 1980 882 2071; x_wconf 90' lang='lat' dir='ltr'>usurpandis</span> <span class='ocrx_word' id='word_1_109' title='bbox 899 1979 1052 2070; x_wconf 87' lang='lat' dir='ltr'>disputat</span> <span class='ocrx_word' id='word_1_110' title='bbox 1065 1981 1089 2047; x_wconf 79' lang='lat'>⁵.</span> 
     </span>
    </p>

    <p class='ocr_par' dir='ltr' id='par_1_3' title="bbox 243 2094 1309 2535">
     <span class='ocr_line' id='line_1_15' title="bbox 289 2094 1308 2186; baseline -0.002 -23"><span class='ocrx_word' id='word_1_111' title='bbox 289 2094 355 2163; x_wconf 91' lang='lat' dir='ltr'>Sed</span> <span class='ocrx_word' id='word_1_112' title='bbox 379 2094 462 2163; x_wconf 90' lang='lat' dir='ltr'>haec</span> <span class='ocrx_word' id='word_1_113' title='bbox 486 2095 554 2162; x_wconf 90' lang='lat' dir='ltr'>iam</span> <span class='ocrx_word' id='word_1_114' title='bbox 578 2096 667 2186; x_wconf 87' lang='lat' dir='ltr'>apud</span> <span class='ocrx_word' id='word_1_115' title='bbox 692 2096 912 2164; x_wconf 85' lang='lat' dir='ltr'>Aristotelem</span> <span class='ocrx_word' id='word_1_116' title='bbox 936 2096 1205 2186; x_wconf 88' lang='lat' dir='ltr'>reperiebantur.</span> <span class='ocrx_word' id='word_1_117' title='bbox 1232 2095 1308 2164; x_wconf 84' lang='lat' dir='ltr'>Alia</span> 
     </span>
     <span class='ocr_line' id='line_1_16' title="bbox 244 2210 1308 2303; baseline 0.003 -27"><span class='ocrx_word' id='word_1_118' title='bbox 244 2210 411 2301; x_wconf 89' lang='lat' dir='ltr'>quaedam</span> <span class='ocrx_word' id='word_1_119' title='bbox 436 2221 516 2278; x_wconf 92' lang='lat' dir='ltr'>sunt</span> <span class='ocrx_word' id='word_1_120' title='bbox 538 2211 647 2302; x_wconf 92' lang='lat' dir='ltr'>ipsius</span> <span class='ocrx_word' id='word_1_121' title='bbox 672 2211 900 2302; x_wconf 85' lang='lat' dir='ltr'>Theophrasti</span> <span class='ocrx_word' id='word_1_122' title='bbox 925 2211 1024 2303; x_wconf 91' lang='lat' dir='ltr'>quasi</span> <span class='ocrx_word' id='word_1_123' title='bbox 1048 2211 1197 2302; x_wconf 90' lang='lat' dir='ltr'>propria.</span> <span class='ocrx_word' id='word_1_124' title='bbox 1231 2215 1308 2301; x_wconf 88' lang='lat' dir='ltr'>lpse</span> 
     </span>
     <span class='ocr_line' id='line_1_17' title="bbox 244 2324 1308 2419; baseline 0.001 -27"><span class='ocrx_word' id='word_1_125' title='bbox 244 2324 333 2392; x_wconf 91' lang='lat' dir='ltr'>enim</span> <span class='ocrx_word' id='word_1_126' title='bbox 366 2325 569 2394; x_wconf 88' lang='lat' dir='ltr'>divisionem</span> <span class='ocrx_word' id='word_1_127' title='bbox 601 2326 694 2394; x_wconf 93' lang='lat' dir='ltr'>illam</span> <span class='ocrx_word' id='word_1_128' title='bbox 726 2327 829 2394; x_wconf 92' lang='lat' dir='ltr'>trium</span> <span class='ocrx_word' id='word_1_129' title='bbox 862 2327 995 2395; x_wconf 91' lang='lat' dir='ltr'>dicendi</span> <span class='ocrx_word' id='word_1_130' title='bbox 1030 2351 1194 2419; x_wconf 86' lang='lat' dir='ltr'>generum</span> <span class='ocrx_word' id='word_1_131' title='bbox 1222 2350 1308 2418; x_wconf 91' lang='lat' dir='ltr'>quae</span> 
     </span>
     <span class='ocr_line' id='line_1_18' title="bbox 243 2443 1309 2535; baseline 0 -25"><span class='ocrx_word' id='word_1_132' title='bbox 243 2451 364 2532; x_wconf 90' lang='lat' dir='ltr'>postea</span> <span class='ocrx_word' id='word_1_133' title='bbox 378 2451 448 2509; x_wconf 88' lang='lat' dir='ltr'>tarn</span> <span class='ocrx_word' id='word_1_134' title='bbox 464 2443 607 2510; x_wconf 88' lang='lat' dir='ltr'>celebris</span> <span class='ocrx_word' id='word_1_135' title='bbox 623 2443 745 2526; x_wconf 90' lang='lat' dir='ltr'>evasit,</span> <span class='ocrx_word' id='word_1_136' title='bbox 767 2467 936 2535; x_wconf 89' lang='lat' dir='ltr'>quamque</span> <span class='ocrx_word' id='word_1_137' title='bbox 953 2444 1074 2512; x_wconf 90' lang='lat' dir='ltr'>Cicero</span> <span class='ocrx_word' id='word_1_138' title='bbox 1089 2443 1124 2509; x_wconf 94' lang='lat' dir='ltr'>in</span> <span class='ocrx_word' id='word_1_139' title='bbox 1140 2445 1309 2512; x_wconf 77' lang='lat' dir='ltr'>Oratore6</span> 
     </span>
    </p>
   </div>
   <div class='ocr_carea' id='block_1_3' title="bbox 244 2557 1309 2997">
    <p class='ocr_par' dir='ltr' id='par_1_4' title="bbox 244 2557 1309 2997">
     <span class='ocr_line' id='line_1_19' title="bbox 245 2557 1308 2650; baseline 0.001 -25"><span class='ocrx_word' id='word_1_140' title='bbox 245 2557 402 2641; x_wconf 88' lang='lat' dir='ltr'>excoluit,</span> <span class='ocrx_word' id='word_1_141' title='bbox 427 2559 557 2648; x_wconf 92' lang='lat' dir='ltr'>primus</span> <span class='ocrx_word' id='word_1_142' title='bbox 578 2558 715 2639; x_wconf 88' lang='lat' dir='ltr'>videtur</span> <span class='ocrx_word' id='word_1_143' title='bbox 736 2559 957 2649; x_wconf 87' lang='lat' dir='ltr'>proposuisse</span> <span class='ocrx_word' id='word_1_144' title='bbox 980 2562 1004 2625; x_wconf 84' lang='lat'>⁷.</span> <span class='ocrx_word' id='word_1_145' title='bbox 1032 2559 1145 2650; x_wconf 90' lang='lat' dir='ltr'>Ipsius</span> <span class='ocrx_word' id='word_1_146' title='bbox 1174 2583 1308 2650; x_wconf 92' lang='lat' dir='ltr'>quoque</span> 
     </span>
     <span class='ocr_line' id='line_1_20' title="bbox 245 2673 1309 2766; baseline 0.001 -26"><span class='ocrx_word' id='word_1_147' title='bbox 245 2683 298 2740; x_wconf 89' lang='lat' dir='ltr'>est</span> <span class='ocrx_word' id='word_1_148' title='bbox 320 2675 428 2740; x_wconf 91' lang='lat' dir='ltr'>altera</span> <span class='ocrx_word' id='word_1_149' title='bbox 447 2673 570 2742; x_wconf 91' lang='lat' dir='ltr'>divisio</span> <span class='ocrx_word' id='word_1_150' title='bbox 595 2684 756 2766; x_wconf 89' lang='lat' dir='ltr'>quattuor</span> <span class='ocrx_word' id='word_1_151' title='bbox 779 2675 944 2743; x_wconf 91' lang='lat' dir='ltr'>virtutum</span> <span class='ocrx_word' id='word_1_152' title='bbox 974 2675 1119 2744; x_wconf 91' lang='lat' dir='ltr'>orationi</span> <span class='ocrx_word' id='word_1_153' title='bbox 1148 2697 1309 2743; x_wconf 89' lang='lat' dir='ltr'>necessa-</span> 
     </span>
     <span class='ocr_line' id='line_1_21' title="bbox 244 2789 1308 2878; baseline 0.004 -24"><span class='ocrx_word' id='word_1_154' title='bbox 244 2789 384 2871; x_wconf 88' lang='lat' dir='ltr'>riarum,</span> <span class='ocrx_word' id='word_1_155' title='bbox 411 2813 513 2878; x_wconf 91' lang='lat' dir='ltr'>quam</span> <span class='ocrx_word' id='word_1_156' title='bbox 537 2789 739 2857; x_wconf 92' lang='lat' dir='ltr'>divisionem</span> <span class='ocrx_word' id='word_1_157' title='bbox 764 2801 798 2858; x_wconf 93' lang='lat' dir='ltr'>et</span> <span class='ocrx_word' id='word_1_158' title='bbox 822 2791 879 2858; x_wconf 89' lang='lat' dir='ltr'>alii</span> <span class='ocrx_word' id='word_1_159' title='bbox 903 2791 999 2858; x_wconf 92' lang='lat' dir='ltr'>multi</span> <span class='ocrx_word' id='word_1_160' title='bbox 1024 2800 1058 2858; x_wconf 91' lang='lat' dir='ltr'>et</span> <span class='ocrx_word' id='word_1_161' title='bbox 1085 2791 1120 2858; x_wconf 91' lang='lat' dir='ltr'>in</span> <span class='ocrx_word' id='word_1_162' title='bbox 1143 2790 1240 2858; x_wconf 92' lang='lat' dir='ltr'>libris</span> <span class='ocrx_word' id='word_1_163' title='bbox 1267 2791 1308 2858; x_wconf 91' lang='lat' dir='ltr'>de</span> 
     </span>
     <span class='ocr_line' id='line_1_22' title="bbox 245 2904 1309 2997; baseline 0.002 -24"><span class='ocrx_word' id='word_1_164' title='bbox 245 2906 391 2973; x_wconf 91' lang='lat' dir='ltr'>Oratore</span> <span class='ocrx_word' id='word_1_165' title='bbox 412 2904 532 2973; x_wconf 90' lang='lat' dir='ltr'>Cicero</span> <span class='ocrx_word' id='word_1_166' title='bbox 557 2905 723 2988; x_wconf 83' lang='lat' dir='ltr'>adhibuit,</span> <span class='ocrx_word' id='word_1_167' title='bbox 748 2906 880 2988; x_wconf 91' lang='lat' dir='ltr'>Latine,</span> <span class='ocrx_word' id='word_1_168' title='bbox 905 2907 1018 2997; x_wconf 86' lang='lat' dir='ltr'>plane,</span> <span class='ocrx_word' id='word_1_169' title='bbox 1043 2918 1134 2997; x_wconf 85' lang='lat' dir='ltr'>apte,</span> <span class='ocrx_word' id='word_1_170' title='bbox 1159 2909 1309 2975; x_wconf 88' lang='lat' dir='ltr'>ornate8</span> 
     </span>
    </p>
   </div>
   <div class='ocr_carea' id='block_1_4' title="bbox 245 3111 1310 4302">
    <p class='ocr_par' dir='ltr' id='par_1_5' title="bbox 281 3111 882 3174">
     <span class='ocr_line' id='line_1_23' title="bbox 281 3111 882 3174; baseline 0.005 -12"><span class='ocrx_word' id='word_1_171' title='bbox 281 3114 305 3162; x_wconf 89' lang='lat'>1.</span> <span class='ocrx_word' id='word_1_172' title='bbox 328 3111 369 3163; x_wconf 90' lang='lat' dir='ltr'>De</span> <span class='ocrx_word' id='word_1_173' title='bbox 383 3111 445 3173; x_wconf 92' lang='lat' dir='ltr'>Or.,</span> <span class='ocrx_word' id='word_1_174' title='bbox 461 3113 486 3172; x_wconf 85' lang='lat'>1,</span> <span class='ocrx_word' id='word_1_175' title='bbox 501 3113 544 3174; x_wconf 90' lang='grc'>13,</span> <span class='ocrx_word' id='word_1_176' title='bbox 562 3113 613 3171; x_wconf 88' lang='grc'>55;</span> <span class='ocrx_word' id='word_1_177' title='bbox 631 3112 666 3163; x_wconf 86' lang='lat' dir='ltr'>cf.</span> <span class='ocrx_word' id='word_1_178' title='bbox 684 3115 708 3173; x_wconf 89' lang='lat'>1,</span> <span class='ocrx_word' id='word_1_179' title='bbox 726 3114 768 3174; x_wconf 97' lang='grc'>12,</span> <span class='ocrx_word' id='word_1_180' title='bbox 787 3114 882 3165; x_wconf 82' lang='grc'><strong>53-54.</strong></span> 
     </span>
    </p>

    <p class='ocr_par' dir='ltr' id='par_1_6' title="bbox 280 3191 989 3263">
     <span class='ocr_line' id='line_1_24' title="bbox 280 3191 989 3263; baseline 0.003 -21"><span class='ocrx_word' id='word_1_181' title='bbox 280 3192 305 3242; x_wconf 94' lang='grc'><strong>2.</strong></span> <span class='ocrx_word' id='word_1_182' title='bbox 327 3191 426 3253; x_wconf 67' lang='lat' dir='ltr'>Theo„</span> <span class='ocrx_word' id='word_1_183' title='bbox 444 3191 524 3244; x_wconf 76' lang='lat' dir='ltr'>atet.</span> <span class='ocrx_word' id='word_1_184' title='bbox 542 3210 583 3262; x_wconf 77' lang='lat' dir='ltr'>gr.</span> <span class='ocrx_word' id='word_1_185' title='bbox 602 3193 636 3244; x_wconf 92' lang='lat' dir='ltr'>ed</span> <span class='ocrx_word' id='word_1_186' title='bbox 653 3193 785 3262; x_wconf 86' lang='lat' dir='ltr'>Spengel,</span> <span class='ocrx_word' id='word_1_187' title='bbox 803 3193 839 3254; x_wconf 93' lang='lat' dir='ltr'>Il,</span> <span class='ocrx_word' id='word_1_188' title='bbox 857 3213 884 3263; x_wconf 94' lang='lat' dir='ltr'>p.</span> <span class='ocrx_word' id='word_1_189' title='bbox 902 3193 945 3254; x_wconf 94' lang='grc'>69,</span> <span class='ocrx_word' id='word_1_190' title='bbox 963 3194 989 3244; x_wconf 91' lang='grc'><strong>3.</strong></span> 
     </span>
    </p>

    <p class='ocr_par' dir='ltr' id='par_1_7' title="bbox 281 3271 630 3333">
     <span class='ocr_line' id='line_1_25' title="bbox 281 3271 630 3333; baseline 0 -10"><span class='ocrx_word' id='word_1_191' title='bbox 281 3273 306 3323; x_wconf 95' lang='grc'><strong>3.</strong></span> <span class='ocrx_word' id='word_1_192' title='bbox 329 3272 369 3323; x_wconf 91' lang='lat' dir='ltr'>De</span> <span class='ocrx_word' id='word_1_193' title='bbox 386 3271 448 3333; x_wconf 89' lang='lat' dir='ltr'>Or.,</span> <span class='ocrx_word' id='word_1_194' title='bbox 466 3272 491 3330; x_wconf 89' lang='lat'>3,</span> <span class='ocrx_word' id='word_1_195' title='bbox 508 3272 551 3333; x_wconf 87' lang='lat'>48,</span> <span class='ocrx_word' id='word_1_196' title='bbox 569 3272 630 3323; x_wconf 84' lang='lat'>184.</span> 
     </span>
    </p>

    <p class='ocr_par' dir='ltr' id='par_1_8' title="bbox 282 3351 529 3413">
     <span class='ocr_line' id='line_1_26' title="bbox 282 3351 529 3413; baseline 0.008 -11"><span class='ocrx_word' id='word_1_197' title='bbox 282 3353 306 3402; x_wconf 82' lang='lat'>4.</span> <span class='ocrx_word' id='word_1_198' title='bbox 329 3351 391 3412; x_wconf 75' lang='lat' dir='ltr'>On,</span> <span class='ocrx_word' id='word_1_199' title='bbox 407 3353 449 3413; x_wconf 84' lang='lat'>51,</span> <span class='ocrx_word' id='word_1_200' title='bbox 467 3354 529 3404; x_wconf 82' lang='lat'>172.</span> 
     </span>
    </p>

    <p class='ocr_par' dir='ltr' id='par_1_9' title="bbox 281 3431 527 3493">
     <span class='ocr_line' id='line_1_27' title="bbox 281 3431 527 3493; baseline 0 -9"><span class='ocrx_word' id='word_1_201' title='bbox 281 3433 306 3484; x_wconf 90' lang='grc'>5.</span> <span class='ocrx_word' id='word_1_202' title='bbox 328 3431 391 3493; x_wconf 88' lang='lat' dir='ltr'>Or.‚</span> <span class='ocrx_word' id='word_1_203' title='bbox 408 3432 451 3492; x_wconf 84' lang='lat'>64,</span> <span class='ocrx_word' id='word_1_204' title='bbox 467 3433 527 3484; x_wconf 91' lang='grc'><strong>218.</strong></span> 
     </span>
    </p>

    <p class='ocr_par' dir='ltr' id='par_1_10' title="bbox 266 3512 617 3575">
     <span class='ocr_line' id='line_1_28' title="bbox 266 3512 617 3575; baseline -0.003 -11"><span class='ocrx_word' id='word_1_205' title='bbox 266 3514 306 3564; x_wconf 95' lang='grc'><strong>·6.</strong></span> <span class='ocrx_word' id='word_1_206' title='bbox 328 3512 391 3572; x_wconf 91' lang='lat' dir='ltr'>Or.,</span> <span class='ocrx_word' id='word_1_207' title='bbox 408 3513 451 3573; x_wconf 94' lang='grc'>23,</span> <span class='ocrx_word' id='word_1_208' title='bbox 467 3513 556 3575; x_wconf 89' lang='grc'><strong>75-28,</strong></span> <span class='ocrx_word' id='word_1_209' title='bbox 574 3512 617 3563; x_wconf 93' lang='grc'><strong>99.</strong></span> 
     </span>
    </p>

    <p class='ocr_par' dir='ltr' id='par_1_11' title="bbox 245 3592 1310 4302">
     <span class='ocr_line' id='line_1_29' title="bbox 282 3592 1307 3662; baseline 0 -17"><span class='ocrx_word' id='word_1_210' title='bbox 282 3594 306 3645; x_wconf 92' lang='grc'><strong>7.</strong></span> <span class='ocrx_word' id='word_1_211' title='bbox 328 3592 447 3662; x_wconf 86' lang='lat' dir='ltr'>Dionys.</span> <span class='ocrx_word' id='word_1_212' title='bbox 473 3593 576 3653; x_wconf 80' lang='lat' dir='ltr'>Helie,</span> <span class='ocrx_word' id='word_1_213' title='bbox 603 3592 644 3644; x_wconf 91' lang='lat' dir='ltr'>De</span> <span class='ocrx_word' id='word_1_214' title='bbox 668 3593 759 3653; x_wconf 80' lang='lat' dir='ltr'>Dem,</span> <span class='ocrx_word' id='word_1_215' title='bbox 786 3593 801 3643; x_wconf 90' lang='lat'><strong>3</strong></span> <span class='ocrx_word' id='word_1_216' title='bbox 825 3593 881 3660; x_wconf 91' lang='lat' dir='ltr'>(ed.</span> <span class='ocrx_word' id='word_1_217' title='bbox 909 3592 1254 3653; x_wconf 85' lang='lat' dir='ltr'>Usener-Radermacher,</span> <span class='ocrx_word' id='word_1_218' title='bbox 1285 3595 1307 3654; x_wconf 89' lang='lat'>1,</span> 
     </span>
     <span class='ocr_line' id='line_1_30' title="bbox 245 3671 1309 3745; baseline 0.002 -23"><span class='ocrx_word' id='word_1_219' title='bbox 245 3691 273 3742; x_wconf 91' lang='lat' dir='ltr'>p.</span> <span class='ocrx_word' id='word_1_220' title='bbox 293 3673 351 3733; x_wconf 90' lang='grc'><strong>132,</strong></span> <span class='ocrx_word' id='word_1_221' title='bbox 369 3674 406 3739; x_wconf 89' lang='grc'>6).</span> <span class='ocrx_word' id='word_1_222' title='bbox 424 3672 468 3724; x_wconf 87' lang='lat' dir='ltr'>cf.</span> <span class='ocrx_word' id='word_1_223' title='bbox 485 3672 632 3732; x_wconf 88' lang='lat' dir='ltr'>Causeret,</span> <span class='ocrx_word' id='word_1_224' title='bbox 650 3671 745 3725; x_wconf 81' lang='lat' dir='ltr'>Etude</span> <span class='ocrx_word' id='word_1_225' title='bbox 760 3691 810 3724; x_wconf 81' lang='lat' dir='ltr'>sur</span> <span class='ocrx_word' id='word_1_226' title='bbox 825 3672 853 3725; x_wconf 86' lang='lat' dir='ltr'>la</span> <span class='ocrx_word' id='word_1_227' title='bbox 874 3673 979 3743; x_wconf 73' lang='lat' dir='ltr'>langue</span> <span class='ocrx_word' id='word_1_228' title='bbox 996 3673 1032 3726; x_wconf 86' lang='lat' dir='ltr'>de</span> <span class='ocrx_word' id='word_1_229' title='bbox 1052 3672 1081 3725; x_wconf 87' lang='lat' dir='ltr'>lo</span> <span class='ocrx_word' id='word_1_230' title='bbox 1102 3671 1263 3745; x_wconf 83' lang='lat' dir='ltr'>rhe&#39;torique</span> <span class='ocrx_word' id='word_1_231' title='bbox 1282 3681 1309 3725; x_wconf 81' lang='lat' dir='ltr'>et</span> 
     </span>
     <span class='ocr_line' id='line_1_31' title="bbox 246 3751 1310 3824; baseline 0.001 -21"><span class='ocrx_word' id='word_1_232' title='bbox 246 3751 281 3805; x_wconf 86' lang='lat' dir='ltr'>de</span> <span class='ocrx_word' id='word_1_233' title='bbox 297 3751 326 3804; x_wconf 85' lang='lat' dir='ltr'>la</span> <span class='ocrx_word' id='word_1_234' title='bbox 342 3751 461 3824; x_wconf 80' lang='lat' dir='ltr'>critique</span> <span class='ocrx_word' id='word_1_235' title='bbox 477 3752 619 3805; x_wconf 83' lang='lat' dir='ltr'>litte&#39;roire</span> <span class='ocrx_word' id='word_1_236' title='bbox 635 3751 709 3804; x_wconf 85' lang='lat' dir='ltr'>dans</span> <span class='ocrx_word' id='word_1_237' title='bbox 727 3752 851 3813; x_wconf 74' lang='lat' dir='ltr'>Ciceron,</span> <span class='ocrx_word' id='word_1_238' title='bbox 868 3773 896 3823; x_wconf 88' lang='lat' dir='ltr'>p.</span> <span class='ocrx_word' id='word_1_239' title='bbox 909 3754 974 3810; x_wconf 86' lang='grc'><strong>150;</strong></span> <span class='ocrx_word' id='word_1_240' title='bbox 989 3752 1116 3812; x_wconf 85' lang='lat' dir='ltr'>Ammon,</span> <span class='ocrx_word' id='word_1_241' title='bbox 1130 3754 1170 3805; x_wconf 88' lang='lat' dir='ltr'>De</span> <span class='ocrx_word' id='word_1_242' title='bbox 1183 3752 1310 3823; x_wconf 78' lang='lat' dir='ltr'>Dionysii</span> 
     </span>
     <span class='ocr_line' id='line_1_32' title="bbox 246 3830 1309 3902; baseline -0.001 -19"><span class='ocrx_word' id='word_1_243' title='bbox 246 3830 516 3884; x_wconf 84' lang='lat' dir='ltr'>Halicarnassensis</span> <span class='ocrx_word' id='word_1_244' title='bbox 539 3831 675 3884; x_wconf 83' lang='lat' dir='ltr'>librorum</span> <span class='ocrx_word' id='word_1_245' title='bbox 698 3831 902 3884; x_wconf 81' lang='lat' dir='ltr'>rhetoricorum</span> <span class='ocrx_word' id='word_1_246' title='bbox 921 3832 1055 3900; x_wconf 80' lang='lat' dir='ltr'>fontibus,</span> <span class='ocrx_word' id='word_1_247' title='bbox 1078 3851 1107 3902; x_wconf 92' lang='lat' dir='ltr'>p.</span> <span class='ocrx_word' id='word_1_248' title='bbox 1129 3834 1178 3891; x_wconf 89' lang='grc'>56;</span> <span class='ocrx_word' id='word_1_249' title='bbox 1200 3832 1309 3884; x_wconf 88' lang='lat' dir='ltr'>Rader-</span> 
     </span>
     <span class='ocr_line' id='line_1_33' title="bbox 246 3909 1308 3982; baseline 0 -20"><span class='ocrx_word' id='word_1_250' title='bbox 246 3909 368 3972; x_wconf 90' lang='lat' dir='ltr'>macher,</span> <span class='ocrx_word' id='word_1_251' title='bbox 385 3909 570 3964; x_wconf 80' lang='lat' dir='ltr'>Rheinisohes</span> <span class='ocrx_word' id='word_1_252' title='bbox 586 3913 723 3970; x_wconf 80' lang='lat' dir='ltr'>Muscam,</span> <span class='ocrx_word' id='word_1_253' title='bbox 743 3912 816 3972; x_wconf 89' lang='lat' dir='ltr'>LlV,</span> <span class='ocrx_word' id='word_1_254' title='bbox 834 3913 912 3974; x_wconf 87' lang='grc'><strong>1899,</strong></span> <span class='ocrx_word' id='word_1_255' title='bbox 930 3931 957 3982; x_wconf 92' lang='lat' dir='ltr'>p.</span> <span class='ocrx_word' id='word_1_256' title='bbox 975 3913 1115 3970; x_wconf 74' lang='lat'><strong>374-3803</strong></span> <span class='ocrx_word' id='word_1_257' title='bbox 1136 3910 1308 3964; x_wconf 87' lang='lat' dir='ltr'>Volkmann-</span> 
     </span>
     <span class='ocr_line' id='line_1_34' title="bbox 247 3991 1310 4061; baseline 0 -19"><span class='ocrx_word' id='word_1_258' title='bbox 247 3992 389 4051; x_wconf 89' lang='lat' dir='ltr'>Hammer,</span> <span class='ocrx_word' id='word_1_259' title='bbox 414 4009 439 4060; x_wconf 93' lang='lat' dir='ltr'>p.</span> <span class='ocrx_word' id='word_1_260' title='bbox 466 3993 519 4050; x_wconf 78' lang='lat'>54;</span> <span class='ocrx_word' id='word_1_261' title='bbox 542 3991 675 4050; x_wconf 72' lang='lat' dir='ltr'>Roherts,</span> <span class='ocrx_word' id='word_1_262' title='bbox 699 3991 868 4052; x_wconf 83' lang='lat' dir='ltr'>Demetrius,</span> <span class='ocrx_word' id='word_1_263' title='bbox 889 4012 916 4061; x_wconf 90' lang='lat' dir='ltr'>p.</span> <span class='ocrx_word' id='word_1_264' title='bbox 937 3995 969 4044; x_wconf 94' lang='grc'>16</span> <span class='ocrx_word' id='word_1_265' title='bbox 990 4002 1017 4044; x_wconf 90' lang='lat' dir='ltr'>et</span> <span class='ocrx_word' id='word_1_266' title='bbox 1037 3993 1080 4051; x_wconf 83' lang='grc'>21,</span> <span class='ocrx_word' id='word_1_267' title='bbox 1100 4001 1153 4044; x_wconf 88' lang='lat' dir='ltr'>ete.</span> <span class='ocrx_word' id='word_1_268' title='bbox 1171 3991 1202 4042; x_wconf 94' lang='lat' dir='ltr'>ld</span> <span class='ocrx_word' id='word_1_269' title='bbox 1218 4001 1310 4042; x_wconf 89' lang='lat' dir='ltr'>tamen</span> 
     </span>
     <span class='ocr_line' id='line_1_35' title="bbox 246 4070 1307 4143; baseline -0.001 -21"><span class='ocrx_word' id='word_1_270' title='bbox 246 4081 330 4140; x_wconf 81' lang='lat' dir='ltr'>negat</span> <span class='ocrx_word' id='word_1_271' title='bbox 350 4070 548 4123; x_wconf 87' lang='lat' dir='ltr'>Hendriokson</span> <span class='ocrx_word' id='word_1_272' title='bbox 566 4071 729 4139; x_wconf 80' lang='lat' dir='ltr'>(American</span> <span class='ocrx_word' id='word_1_273' title='bbox 748 4072 868 4124; x_wconf 83' lang='lat' dir='ltr'>Journal</span> <span class='ocrx_word' id='word_1_274' title='bbox 889 4073 924 4140; x_wconf 79' lang='lat' dir='ltr'>os</span> <span class='ocrx_word' id='word_1_275' title='bbox 937 4070 1094 4143; x_wconf 75' lang='lat' dir='ltr'>Philology,</span> <span class='ocrx_word' id='word_1_276' title='bbox 1121 4071 1204 4130; x_wconf 90' lang='lat' dir='ltr'>XXV,</span> <span class='ocrx_word' id='word_1_277' title='bbox 1229 4071 1307 4130; x_wconf 85' lang='grc'><strong>1904,</strong></span> 
     </span>
     <span class='ocr_line' id='line_1_36' title="bbox 246 4150 1309 4221; baseline 0.002 -21"><span class='ocrx_word' id='word_1_278' title='bbox 246 4171 274 4220; x_wconf 79' lang='lat' dir='ltr'>p.</span> <span class='ocrx_word' id='word_1_279' title='bbox 296 4151 425 4211; x_wconf 89' lang='grc'><strong>125-156,</strong></span> <span class='ocrx_word' id='word_1_280' title='bbox 447 4151 565 4202; x_wconf 86' lang='lat' dir='ltr'>maxime</span> <span class='ocrx_word' id='word_1_281' title='bbox 584 4170 612 4221; x_wconf 84' lang='lat' dir='ltr'>p.</span> <span class='ocrx_word' id='word_1_282' title='bbox 635 4152 694 4210; x_wconf 92' lang='grc'><strong>126,</strong></span> <span class='ocrx_word' id='word_1_283' title='bbox 717 4152 785 4210; x_wconf 90' lang='grc'><strong>139;</strong></span> <span class='ocrx_word' id='word_1_284' title='bbox 807 4151 906 4212; x_wconf 84' lang='lat' dir='ltr'>XXVI,</span> <span class='ocrx_word' id='word_1_285' title='bbox 929 4152 1006 4212; x_wconf 91' lang='grc'><strong>1905,</strong></span> <span class='ocrx_word' id='word_1_286' title='bbox 1028 4170 1056 4221; x_wconf 94' lang='lat' dir='ltr'>p.</span> <span class='ocrx_word' id='word_1_287' title='bbox 1079 4151 1206 4216; x_wconf 84' lang='grc'><strong>249-290)</strong></span> <span class='ocrx_word' id='word_1_288' title='bbox 1225 4150 1309 4202; x_wconf 83' lang='lat' dir='ltr'>ratio·</span> 
     </span>
     <span class='ocr_line' id='line_1_37' title="bbox 245 4229 1101 4302; baseline 0 -21"><span class='ocrx_word' id='word_1_289' title='bbox 245 4229 329 4282; x_wconf 89' lang='lat' dir='ltr'>nibus</span> <span class='ocrx_word' id='word_1_290' title='bbox 344 4231 426 4282; x_wconf 86' lang='lat' dir='ltr'>nixus</span> <span class='ocrx_word' id='word_1_291' title='bbox 439 4248 529 4301; x_wconf 90' lang='lat' dir='ltr'>neque</span> <span class='ocrx_word' id='word_1_292' title='bbox 543 4231 711 4301; x_wconf 89' lang='lat' dir='ltr'>spernendis</span> <span class='ocrx_word' id='word_1_293' title='bbox 726 4249 776 4282; x_wconf 90' lang='lat' dir='ltr'>neo</span> <span class='ocrx_word' id='word_1_294' title='bbox 791 4249 893 4284; x_wconf 91' lang='lat' dir='ltr'>rursus</span> <span class='ocrx_word' id='word_1_295' title='bbox 908 4231 990 4302; x_wconf 88' lang='lat' dir='ltr'>plane</span> <span class='ocrx_word' id='word_1_296' title='bbox 1006 4231 1101 4282; x_wconf 90' lang='lat' dir='ltr'>certis.</span> 
     </span>
    </p>
   </div>
   <div class='ocr_carea' id='block_1_5' title="bbox 282 4310 610 4374">
    <p class='ocr_par' dir='ltr' id='par_1_12' title="bbox 282 4310 610 4374">
     <span class='ocr_line' id='line_1_38' title="bbox 282 4310 610 4374; baseline -0.006 -11"><span class='ocrx_word' id='word_1_297' title='bbox 282 4312 307 4363; x_wconf 91' lang='lat'>8.</span> <span class='ocrx_word' id='word_1_298' title='bbox 330 4311 370 4363; x_wconf 91' lang='lat' dir='ltr'>De</span> <span class='ocrx_word' id='word_1_299' title='bbox 387 4310 449 4373; x_wconf 90' lang='lat' dir='ltr'>Or.,</span> <span class='ocrx_word' id='word_1_300' title='bbox 467 4311 491 4374; x_wconf 89' lang='lat'>3,</span> <span class='ocrx_word' id='word_1_301' title='bbox 509 4311 552 4373; x_wconf 86' lang='lat'>10,</span> <span class='ocrx_word' id='word_1_302' title='bbox 567 4311 610 4363; x_wconf 93' lang='grc'><strong>37.</strong></span> 
     </span>
    </p>
   </div>
   <div class='ocr_carea' id='block_1_6' title="bbox 0 0 1551 5040">
    <p class='ocr_par' dir='ltr' id='par_1_13' title="bbox 0 0 1551 5040">
     <span class='ocr_line' id='line_1_39' title="bbox 0 0 1551 5040; baseline 0 0"><span class='ocrx_word' id='word_1_303' title='bbox 0 0 1551 5040; x_wconf 95' lang='lat' dir='ltr'> </span> 
     </span>
    </p>
   </div>
  </div>
 </body>
</html>
