3062 5050
269 451 304 514 68
385 473 478 515 CAPUT
497 472 539 514 ΙΙΙ.
561 487 593 496 ···
613 472 682 523 QUID
702 473 934 514 RECENTIORIBUS
954 473 1055 514 CICERO
1076 473 1223 515 DEBUERIT

271 618 324 675 rat
349 609 371 689 ¹,
395 607 485 698 quod
509 607 599 675 idem
619 607 686 698 ipsi
707 607 859 674 accidere
881 606 1014 674 solebat
1034 608 1058 673 2.
1081 606 1335 674 Abundantiam

272 724 453 815 quamdam
473 723 612 791 nimiam
634 723 668 790 in
689 723 838 814 Sulpicio
858 723 1075 791 adulescente
1091 723 1195 790 refert
1214 723 1333 805 fuisse,

271 840 427 907 sedeam
448 863 515 907 non
535 839 764 930 reprehendit.
790 865 805 902 «
827 841 914 908 Volo
935 839 1024 906 enim
1050 868 1081 914 »,
1105 839 1226 930 inquit,
1256 865 1272 903 «
1298 863 1334 906 se

273 984 289 1018 «
311 956 429 1023 efferat
453 956 488 1022 in
513 955 732 1023 adulescente
757 955 947 1023 fecunditas
974 983 990 1020 »
1018 959 1042 1023 3.
1069 958 1140 1025 Cur
1162 980 1244 1024 vero
1269 979 1334 1022 non

270 1071 498 1162 reprehendat
524 1071 622 1140 facile
649 1070 811 1162 intelligit
840 1072 1042 1163 quicumque
1073 1071 1224 1139 meminit
1248 1095 1334 1162 quae

270 1189 311 1255 de
328 1212 364 1254 se
379 1188 455 1278 ipso
470 1187 504 1254 in
521 1192 627 1255 Bruto
643 1187 782 1278 scripsit
800 1215 806 1256 z
827 1215 843 1252 α
860 1189 960 1255 nimis
977 1188 1207 1255 redundantes
1223 1210 1286 1254 nos
1301 1197 1334 1254 et

240 1351 241 1354 ,
272 1332 288 1368 «
310 1328 415 1395 supra
435 1305 579 1372 fluentes
600 1303 739 1371 iuvenili
760 1305 908 1395 quadam
928 1304 1062 1372 dicendi
1083 1303 1286 1394 impunitate
1301 1313 1334 1370 et

272 1447 288 1484 «
308 1420 445 1488 licentia
462 1447 478 1484 n
501 1421 524 1486 4.

313 1540 388 1605 Non
399 1537 491 1603 nulla
507 1537 613 1628 igitur
628 1537 670 1604 iis
686 1537 880 1606 oratoribus
892 1536 994 1604 debet
1009 1560 1152 1627 quorum
1167 1535 1333 1626 colloquia

269 1677 306 1720 se
326 1677 467 1720 narrare
487 1653 608 1743 fingit;
631 1653 698 1720 alia
718 1653 886 1744 quaedam
906 1652 1168 1742 antiquioribus.
1188 1651 1332 1742 Legenti

270 1769 456 1836 secundum
472 1768 513 1835 de
530 1770 675 1838 Oratore
691 1768 815 1835 librum
832 1768 954 1835 mirum
970 1768 1107 1836 videtur
1125 1768 1214 1835 unde
1234 1767 1332 1834 innu-

270 1908 382 1951 meras
407 1908 514 1974 paene
539 1885 616 1951 illas
644 1909 730 1976 quas
755 1886 859 1952 refert
887 1884 1030 1952 facetias
1056 1884 1177 1953 Cicero
1201 1884 1333 1951 discere

267 2000 426 2090 potuerit.
449 2004 560 2068 Unum
580 2001 703 2067 saltem
724 2024 765 2066 ex
785 2000 882 2066 libris
898 2001 1022 2091 quibus
1037 2025 1121 2068 usus
1143 2009 1216 2067 erat
1234 1999 1331 2066 nobis

268 2115 432 2182 indicavit
451 2141 457 2183 :
478 2116 586 2183 facete
606 2115 697 2182 diota
713 2138 733 2182 a
749 2117 881 2184 Catone
898 2117 1051 2183 collecta.

308 2258 401 2338 Quod
426 2257 511 2340 apud
535 2256 690 2319 Catonem
715 2267 774 2333 est,
799 2259 853 2340 qui
876 2259 975 2320 multa
997 2258 1128 2333 rettulit,
1153 2259 1329 2341 exquibus

267 2367 285 2408 a
310 2367 361 2408 me
385 2347 523 2429 exempli
548 2367 645 2408 causa
669 2347 833 2429 complura
857 2357 1030 2430 ponuntur.
1056 2346 1104 2409 De
1128 2348 1198 2422 Or.,
1224 2353 1253 2423 2,
1280 2353 1328 2422 67,

269 2441 326 2498 271
341 2440 362 2497 ⁵.
770 2463 773 2474 ·

313 2582 364 2646 Ex
378 2579 455 2646 aliis
477 2603 610 2670 qnoque
625 2579 723 2646 libris
744 2579 852 2646 facete
868 2579 1034 2647 dictorum
1050 2602 1126 2646 eum
1140 2578 1330 2669 sumpsisse

267 2695 435 2785 suspicari
448 2718 644 2785 possumne,
662 2718 729 2761 non
744 2706 859 2762 tamen
874 2719 934 2785 pro
951 2706 1043 2763 certo
1059 2695 1239 2762 affirmare.

313 2813 409 2896 Quae
426 2811 546 2880 Cicero
562 2811 596 2877 in
612 2813 758 2881 Oratore
774 2813 786 2856 ⁶
801 2812 842 2878 de
859 2834 943 2880 sono
958 2811 1141 2878 latinarum
1155 2834 1278 2879 vocum
1297 2821 1329 2878 et

267 2926 308 2992 de
334 2927 494 3017 analogia
518 2927 671 3017 disputat
694 2929 863 3017 permulta
883 2928 1036 3017 exempla
1055 2926 1229 2994 continent
1244 2950 1329 3017 quae

266 3042 324 3108 vix
343 3053 487 3132 possunt
511 3066 578 3110 non
598 3067 639 3110 ex
663 3044 777 3134 aliquo
801 3043 923 3110 Latino
947 3044 1039 3111 fonte
1064 3067 1140 3111 esse
1161 3043 1326 3111 derivata.
1410 3135 1412 3138 Ι

268 3161 343 3226 Non
360 3181 441 3225 sane
458 3159 570 3225 omnia
586 3159 771 3249 descripsit
786 3184 826 3226 ex
841 3159 908 3226 alio
924 3159 1089 3249 scriptore
1108 3186 1114 3228 :
1132 3160 1180 3227 ita
1196 3161 1328 3250 elegan-

267 3285 368 3341 teret
384 3285 529 3342 venuste
552 3275 654 3342 etiam
675 3276 717 3342 de
739 3275 792 3342 his
813 3275 997 3343 horridulis
1017 3275 1157 3342 disserit
1176 3286 1213 3343 ut
1232 3275 1328 3342 facile

268 3389 340 3457 eius
356 3390 544 3458 orationem
560 3414 743 3481 agnoscas.
766 3395 884 3481 Neque
905 3390 1018 3458 omnia
1033 3392 1186 3483 exempla
1206 3415 1248 3458 ex
1268 3390 1328 3458 ali·

302 3607 327 3655 1.
346 3607 387 3657 De
404 3605 466 3666 Or.,
484 3607 509 3667 1,
527 3607 652 3667 26,121;
670 3606 705 3657 cf.
723 3607 747 3666 1,
765 3606 808 3664 26,
826 3605 956 3656 119-120.

302 3687 327 3735 2.
345 3685 406 3736 Div.
422 3685 517 3745 Caec,
535 3686 577 3746 13,
593 3686 624 3736 41
640 3704 645 3744 ;
661 3685 736 3746 Clu.,
752 3686 795 3753 18,
810 3686 841 3736 51
857 3704 862 3744 ;
877 3686 952 3746 Dei,
970 3685 1037 3744 1,’1.

226 3797 228 3802 -
301 3766 326 3815 3.
345 3765 386 3816 De
402 3764 465 3826 Or.,
483 3766 508 3826 2,
526 3766 569 3824 21,
585 3766 627 3816 88.

303 3844 328 3895 4.
345 3845 438 3905 Brut,
455 3846 499 3904 91,
516 3846 577 3896 316.

302 3925 328 3976 5.
346 3924 464 3975 Dicendi
482 3942 549 3976 vero
570 3933 722 3994 praecepta
745 3923 872 3986 Catonia,
896 3944 1047 3996 numquam
1071 3927 1173 3979 Cicero
1195 3925 1325 3978 laudavit.

267 4005 329 4055 Non
352 4005 437 4056 modo
457 4023 572 4056 aureum
595 4004 665 4055 illud
688 4024 700 4052 (ι
724 4021 783 4055 rem
808 4013 881 4066 tene,
904 4006 991 4059 verba
1015 4017 1169 4077 sequentur
1191 4026 1203 4056 a
1228 4007 1327 4075 (lulius

265 4084 373 4144 Victor,
390 4103 418 4153 p.
434 4085 499 4142 374;
520 4085 613 4143 16-17,
632 4084 734 4148 Halm),
755 4085 804 4134 sed
823 4085 914 4154 ipsam
935 4087 1127 4138 definitionem
1149 4086 1326 4138 «virbonus

266 4164 377 4215 dicendi
392 4164 502 4232 peritus
519 4185 530 4213 u
549 4163 691 4232 (Quintil,
709 4165 759 4222 12;
777 4165 802 4224 1,
820 4166 855 4234 l),
868 4165 912 4216 vel
927 4165 1114 4235 ignoratione,
1129 4165 1173 4218 vel
1189 4167 1281 4218 sciens
1297 4185 1326 4218 ae

265 4242 390 4312 prudens
405 4243 608 4312 praetermisit.

303 4323 328 4374 6.
346 4322 408 4387 Or.,
426 4322 468 4383 45,
486 4323 597 4384 tar-te,
615 4323 676 4374 162.
