3062 5050
272 521 306 578 86
342 537 435 577 CAPUT
447 537 486 576 tv.
504 551 536 559 -
552 536 620 586 QUID
633 536 783 576 CICERONIS
796 535 827 575 IN
840 535 917 575 ARTE
930 534 1096 575 nnstcmca
1110 534 1266 574 PROPRIUM

275 666 1340 760 artispraeceptanonreicicns,ea,cumaltioribusquibusdam

275 785 404 876 regulis
420 785 640 876 coniungere,
658 794 800 851 conatus
816 794 869 851 est
884 785 891 828 ¹
907 810 915 864 ;
932 783 1005 874 ipsc
1022 782 1122 850 simul
1138 793 1171 851 et
1185 783 1226 851 de
1241 781 1338 862 locis,

274 901 431 991 partibus
447 900 624 982 orationis
642 899 775 967 dicendi
785 899 971 966 luminibus
982 899 1089 966 multa
1099 897 1235 966 definite
1246 921 1341 988 prae·

275 1017 376 1107 cepit,
390 1026 423 1083 et
435 1016 582 1106 speciem
598 1016 775 1107 egregiam
791 1015 937 1083 oratoris
948 1014 1089 1105 perfecti
1102 1039 1119 1080 e
1130 1013 1295 1082 media—
1305 1024 1342 1080 ut

274 1132 411 1224 quidem
429 1133 584 1221 putabat,
605 1173 650 1182 -
669 1131 885 1222 philosophia
904 1130 1092 1221 exprimere
1112 1139 1255 1201 conatus
1275 1139 1339 1197 est.

276 1250 390 1335 Quare
411 1248 514 1315 etiam
535 1248 563 1315 si
584 1248 721 1339 singula
741 1271 828 1338 quae
850 1246 988 1336 scripsit
1008 1246 1076 1314 iam
1091 1255 1192 1313 antea
1207 1246 1250 1313 ab
1267 1244 1341 1312 aliis

276 1374 393 1432 essent
414 1364 552 1454 scripta,
570 1376 684 1432 tamen
700 1387 824 1431 novum
841 1363 968 1455 aliquid
984 1363 1184 1454 protulisset
1202 1388 1208 1429 :
1227 1360 1342 1428 collec-

275 1479 401 1547 tionem
430 1479 522 1548 illam
551 1491 584 1547 et
607 1480 878 1547 coniunctionem
902 1503 988 1572 quae
1013 1478 1139 1546 nullius
1165 1487 1243 1545 ante
1267 1501 1343 1545 eum

276 1595 410 1662 suisset.

322 1712 388 1780 Sed
405 1711 494 1778 aliud
510 1711 671 1803 quiddam
687 1721 760 1779 est:
779 1734 866 1802 quae
883 1711 972 1779 enim
988 1710 1123 1778 aliunde
1141 1709 1257 1791 sumit,
1271 1709 1343 1799 ipse

227 1827 230 1834 ’
277 1827 398 1893 leviter
416 1827 595 1895 immutata
611 1838 644 1894 et
659 1829 870 1896 conformata
884 1826 1000 1894 tradit.
1021 1826 1251 1895 Ridiculorum
1266 1849 1344 1915 par-

276 1941 415 2010 titiones
436 1967 453 2009 e
475 1943 618 2012 Graecis
640 1942 776 2026 hausit3
799 1942 861 2010 sed
880 1966 982 2033 quam
997 1941 1212 2009 necessariae
1229 1949 1345 2008 essent

278 2058 405 2125 oratori
426 2059 569 2126 facetiae
592 2068 651 2126 aut
673 2058 804 2148 primus
826 2058 977 2126 ostendit
999 2067 1057 2124 aut
1079 2057 1201 2125 ceteris
1224 2057 1344 2124 melius

189 2208 193 2217 ·
278 2172 475 2241 illustravit.
506 2177 576 2242 Nec
605 2173 752 2242 mirum:
784 2197 824 2240 ea
853 2173 941 2240 enim
971 2172 1094 2264 quibus
1125 2171 1346 2262 singulariter

279 2290 467 2356 excellebat
498 2290 639 2379 perlecti
673 2289 819 2358 oratoris
853 2313 931 2356 esse
965 2287 1105 2380 propria
1137 2287 1343 2370 iudicabat3

279 2415 442 2495 quantum
457 2429 539 2472 vero
555 2405 687 2473 facetiis
703 2415 896 2495 praestaret
911 2429 1009 2472 nemo
1024 2404 1207 2494 ignorabat
1222 2405 1256 2485 ²,
1273 2403 1345 2494 ipse

280 2520 392 2587 minus
408 2544 510 2611 quam
526 2520 640 2588 ceteri.

325 2639 440 2704 Motus
465 2660 599 2727 quoque
625 2636 814 2704 animorum
842 2659 918 2703 cum
942 2635 1069 2703 oratori
1093 2633 1346 2725 pernosceudos

281 2751 427 2834 dictitat,
463 2752 526 2819 hoe
560 2752 655 2819 addit
687 2777 694 2818 ε
725 2762 895 2819 oratorem
925 2753 1081 2818 maxime
1108 2748 1346 2840 permovendis

280 2868 474 2935 hominibus
488 2869 603 2935 valere
618 2867 653 2935 id
671 2896 686 2930 (ι
708 2891 812 2935 unum
832 2867 978 2934 oratoris
998 2890 1153 2933 maxume
1174 2865 1346 2956 proprium

284 3011 299 3045 «
321 3006 399 3050 esse
420 2987 433 3028 3
459 3011 488 3049 n.
520 2985 677 3051 Habebat
701 2984 789 3050 enim
814 2983 1044 3064 adversarios,
1069 2982 1126 3072 qui
1151 3006 1188 3048 se
1214 2981 1346 3049 Atticos

281 3099 450 3180 dicebant,
468 3099 526 3188 qui
540 3098 608 3166 leni
625 3110 658 3166 et
673 3099 843 3191 aequabili
859 3097 1024 3179 oratione,
1040 3097 1134 3164 tenui
1150 3107 1183 3164 et
1199 3107 1347 3188 angusto

282 3237 407 3305 genere
424 3214 557 3282 dicendi
573 3216 769 3296 utebantur,
792 3215 923 3282 ammos
943 3237 1141 3304 permovere
1163 3223 1196 3279 et
1216 3213 1347 3280 inssam-

282 3354 375 3398 mare
400 3340 458 3398 aut
479 3354 547 3397 non
568 3342 726 3421 poterant
750 3342 809 3398 aut
833 3331 1004 3398 nolebant.
1038 3333 1115 3419 Ipse
1146 3352 1242 3410 vero,
1274 3352 1347 3395 cum

283 3446 428 3513 maxime
461 3447 751 3529 miserationibus,
783 3445 1057 3537 perorationibus
1088 3445 1197 3536 iisque
1225 3445 1347 3535 quibus

282 3561 436 3628 homines
468 3563 705 3629 vehementius
739 3572 1006 3644 commoventur,
1041 3585 1128 3651 opus
1163 3561 1347 3629 oratorium

283 3677 462 3768 perficeret
485 3679 508 3760 4,
536 3679 569 3745 in
593 3679 635 3747 iis
663 3702 831 3746 summam
853 3679 998 3746 oratoris
1019 3677 1181 3745 virtutem
1203 3678 1348 3768 positam

285 3817 362 3860 esse
378 3794 581 3862 affirmabat.

319 3966 344 4014 1,
367 3964 398 4015 Id
414 3963 554 4016 Antiocho
571 3965 672 4017 tribuit
687 3967 779 4026 Kroll,
796 3968 875 4018 Neue
890 3963 1068 4017 Jatrtocter
1086 3965 1135 4033 [ἱόν
1153 3963 1207 4017 das
1228 3961 1347 4016 Ilassis-

285 4043 335 4095 clte
349 4044 499 4100 Alternus,
517 4045 565 4105 VI,
586 4047 663 4105 1903,
685 4067 712 4116 p.
733 4047 872 4104 086-689;
889 4043 1074 4097 Rheinisclzes
1095 4047 1234 4101 Muscam,
1253 4045 1286 4094 Ν.
1304 4045 1344 4100 Ε,

286 4123 388 4186 LVIII,
406 4125 483 4185 1903,
501 4144 529 4194 p.
547 4127 685 4184 552-597;
704 4127 752 4178 sed
770 4126 868 4194 gratis,
886 4134 917 4176 ut
932 4125 1001 4176 mihi
1015 4125 1129 4194 quidem
1144 4124 1265 4175 videtur.

322 4205 346 4253 2.
368 4204 521 4266 Drumann,
542 4205 589 4266 VI,
613 4225 640 4275 p.
665 4208 733 4264 523;
756 4205 871 4264 Gurlitt,
894 4203 1079 4256 Rheiniscbcs
1099 4205 1238 4262 Muscam,
1262 4203 1345 4262 LVII,

286 4283 364 4342 1902,
382 4304 410 4354 p.
427 4285 488 4336 337.

321 4363 346 4413 3.
368 4365 460 4424 Brut,
478 4366 520 4426 93,
536 4366 606 4423 322;
623 4365 658 4416 cl.
676 4366 718 4425 80,
736 4367 786 4417 279
799 4383 804 4424 ;
819 4365 862 4426 54,
881 4365 950 4424 20ος
969 4364 1031 4425 Or.‚
1048 4364 1091 4423 21,
1109 4363 1296 4424 69;37,128.

322 4446 347 4497 4.
369 4445 522 4508 Drumann,
539 4446 587 4507 Vl,
604 4465 632 4515 p.
650 4446 711 4497 638.
