3062 5050
429 475 446 550 ἓ
464 479 491 535 1.
512 510 545 518 -
565 495 634 545 oum
654 493 859 535 nnnnnoonnn
878 493 1026 535 onuuunrr
1227 477 1263 533 47

194 629 229 696 in
255 629 331 698 aliis
351 629 512 721 operibus
535 628 671 698 abiecit.
695 632 783 697 Nam
807 638 964 720 quartam
986 628 1263 697 constitutionem

194 745 322 827 omisit,
345 769 547 838 semperque
563 756 633 814 tres
649 756 782 813 tantum
798 755 910 812 status
930 745 1045 836 posuit
1061 747 1091 829 1;
1109 744 1263 836 singula·

194 884 269 929 rum
284 884 468 928 causarum
488 861 701 952 argumentis
722 860 918 952 anteposuit
937 883 1133 928 communes
1154 860 1262 928 omni-

193 978 259 1045 bus
286 977 545 1068 quaestionibus
574 978 721 1060 1000s2;
748 976 963 1044 exordiorum
987 987 1171 1067 praecepta
1194 976 1261 1044 iam

194 1116 262 1160 non
290 1116 331 1160 ex
357 1116 539 1161 causarum
564 1117 690 1184 genere
714 1092 871 1175 honeste,
898 1092 1103 1174 admirabili,
1130 1093 1259 1174 humili,

194 1207 348 1298 ancipiti,
370 1210 517 1277 obsouro
538 1209 599 1277 sed
622 1208 758 1277 aliunde
781 1208 939 1300 repetivit
958 1209 989 1290 ³;
1011 1208 1262 1300 digressionem

194 1334 309 1392 tamen
322 1347 438 1416 quam,
451 1325 495 1392 ab
509 1328 723 1416 Hermagora
738 1325 827 1392 inter
841 1334 958 1415 partes
971 1324 1135 1392 orationis
1149 1348 1262 1392 nume-

196 1451 321 1521 ratam,
338 1440 504 1508 reiecerat
517 1442 542 1522 4,
558 1439 740 1530 'perutilem
755 1439 918 1508 iudicavit
933 1441 956 1505 ⁵.

240 1557 336 1642 Quae
355 1580 439 1624 vero
459 1556 493 1622 in
513 1556 610 1624 libris
631 1557 672 1624 de
694 1555 893 1624 inventione
914 1566 1006 1624 certo
1028 1559 1262 1648 Hermagorea

195 1694 272 1739 esse
287 1671 574 1763 deprehendimus
590 1695 630 1739 ea
646 1672 689 1739 ab
704 1671 824 1762 ipsone
843 1675 1056 1762 Hermagora
1077 1673 1262 1763 sumpserit

194 1810 238 1853 an
252 1788 294 1854 ab
309 1787 423 1879 aliquo
437 1788 602 1879 scriptore
617 1787 715 1870 artis,
729 1792 977 1879 Hermagoram
989 1798 1118 1870 secuto,
1131 1799 1260 1856 eertum

193 1926 260 1970 non
276 1913 340 1972 est.
357 1904 577 1973 Contendunt
596 1927 664 1972 non
682 1903 765 1971 nulli
786 1907 1020 1994 Hermagorae
1035 1903 1158 1971 librum
1174 1928 1260 1971 nun-

194 2043 296 2112 qnam
312 2019 471 2089 Ciceroni
490 2020 524 2087 in
544 2019 701 2087 manibus
724 2019 830 2086 luisse
845 2021 868 2086 ⁶.
887 2018 954 2087 Sed
974 2018 1259 2089 animadvertenti

195 2136 318 2227 quibus
333 2135 450 2204 verbis
466 2136 587 2205 Cicero
604 2136 644 2203 de
661 2159 701 2203 eo
716 2134 1044 2227 loquatur⁷videtur
1057 2135 1170 2226 potius
1183 2160 1260 2204 eum

193 2251 335 2342 legisse,
361 2251 565 2343 praesertim
593 2275 669 2319 oum
694 2250 897 2342 praecipuos
926 2251 966 2318 de
994 2262 1066 2318 arte
1091 2251 1260 2320 rhetorica

193 2366 299 2435 libros
321 2367 544 2458 conquisierit
562 2369 624 2434 8et
642 2377 723 2435 tuno
741 2367 831 2435 iuter
850 2366 1091 2435 celeberrimos
1115 2371 1258 2437 Herma-

194 2505 320 2573 goreus
339 2483 426 2551 liber
445 2483 558 2550 suerit.
577 2484 737 2551 Ceterum
754 2483 788 2550 id
804 2507 870 2550 non
883 2492 936 2550 est
951 2480 1068 2573 magni
1083 2481 1256 2564 momenti,

194 2598 292 2667 modo
320 2608 453 2667 constet
481 2622 568 2690 quae
595 2599 638 2667 ad
669 2602 937 2690 Hermagoream
964 2597 1153 2692 doetrinam
1180 2620 1257 2688 per-

193 2713 335 2782 tineant.
373 2707 375 2712 ’

227 2959 252 3008 1.
269 2957 311 3009 De
325 2957 388 3018 Or.,
405 2958 429 3018 2,
452 2958 495 3018 24,
513 2957 625 3018 104-26,
643 2957 712 3016 113,
729 2958 754 3018 2,
771 2958 814 3018 30,
833 2957 902 3016 132,
921 2959 996 3009 Part.
1018 2974 1072 3018 or.,
1094 2958 1119 3018 9,
1143 2957 1193 3016 33,
1211 2958 1254 3018 29,

192 3037 258 3095 102,
272 3037 334 3097 Or„
350 3038 393 3098 14,
411 3037 460 3096 45;
478 3038 561 3107 Top.,
577 3038 619 3098 24,
634 3038 725 3098 92-26,
743 3037 786 3089 96.

227 3117 252 3169 2,
269 3118 311 3169 De
336 3117 398 3178 Or.‚
425 3118 450 3177 2,
476 3118 520 3176 27,
544 3118 605 3177 117,
631 3125 685 3169 ete.
712 3134 807 3187 supra,
831 3136 859 3187 p.
881 3119 924 3169 17.
950 3117 1038 3169 Paulo
1060 3115 1143 3169 aliter
1165 3126 1257 3168 tamen

193 3196 220 3246 in
241 3195 457 3258 Partitionibus,
483 3197 526 3257 31,
552 3197 666 3258 109-39,
691 3197 758 3256 138,
783 3197 834 3248 sed
857 3197 893 3248 of.
916 3196 1024 3257 Thiele,
1051 3197 1253 3266 Hermagoras,

227 3356 252 3408 3.
270 3357 311 3408 De
325 3355 388 3417 Or„
405 3358 430 3417 2,
449 3357 491 3417 78,
508 3356 620 3417 315-80,
638 3356 707 3416 325,
726 3357 801 3408 Part.
819 3374 872 3417 or.,
890 3358 914 3416 8,
932 3356 1036 3416 28-30,
1054 3356 1116 3416 0r.,
1136 3357 1179 3417 15,
1201 3357 1252 3416 50;

192 3435 319 3496 36,124,
336 3436 418 3506 Top.,
437 3437 480 3497 26,
501 3437 545 3488 97.

227 3516 251 3566 4.
269 3517 337 3576 Inv.,
353 3515 378 3576 1,
393 3516 436 3577 51,
451 3517 494 3568 97.

227 3596 252 3647 5.
270 3596 311 3648 De
327 3595 389 3656 Or.,
406 3597 431 3656 2,
450 3597 491 3656 77,
507 3596 574 3655 312,
592 3597 669 3648 Part.
686 3613 740 3656 or„
759 3597 848 3656 5,15;
866 3596 958 3656 Brut„
975 3597 1018 3656 93,
1034 3596 1093 3648 322.

226 3676 252 3726 6.
277 3674 443 3736 Volkmann,
470 3694 498 3745 p.
525 3676 577 3733 502
603 3674 712 3736 Thiele,
736 3676 940 3745 Hermagoras,
969 3695 997 3745 p.
1021 3677 1072 3734 16,
1097 3674 1253 3736 Krohnert,

192 3754 243 3806 Die
257 3756 388 3824 Ansdnge
404 3753 456 3807 der
467 3753 603 3807 Rhetoril·
619 3747 671 3807 tei'
681 3754 736 3808 den
750 3756 881 3816 Boream,
898 3775 926 3826 p.
945 3756 988 3807 30.
1005 3754 1098 3807 Aliter
1112 3755 1254 3808 iudicave-

192 3843 255 3885 runt
270 3834 373 3896 Bader,
389 3853 418 3904 p.
435 3835 536 3894 18-23,
560 3834 691 3896 Netzker,
709 3854 737 3905 p.
756 3837 799 3887 47.

227 3915 251 3966 7.
269 3915 337 3976 Inv.,
356 3915 380 3975 1,
397 3916 422 3976 6,
444 3915 480 3974 8,
503 3916 528 3975 1,
549 3915 575 3976 9,
597 3915 648 3975 12,
670 3915 695 3976 1,
715 3916 758 3977 11,
775 3917 824 3974 16,
842 3916 867 3976 1,
885 3916 928 3976 51,
945 3916 995 3975 97,
1013 3916 1105 3977 Brut„
1124 3917 1166 3976 76,
1184 3916 1252 3975 263,

227 4073 252 4124 8.
270 4075 339 4134 Inv.,
357 4074 382 4135 2,
399 4074 425 4135 2,
442 4074 507 4134 4-5,
525 4073 560 4126 cf.
577 4075 602 4135 2,
620 4075 645 4136 3,
663 4076 688 4126 8.
