3062 5050
269 450 330 524 §h
353 483 384 492 -
405 468 505 509 annau
525 468 666 518 ouansrro
685 470 722 509 nn
741 468 966 510 ennrrrrorunus
987 469 1021 508 nr
1041 468 1149 508 rorrcrs
1208 454 1242 508 Ἠ

176 603 287 670 fateor
304 645 348 652 —
368 603 531 685 traderet,
554 612 613 670 aut
632 626 718 694 quae
739 602 773 669 in
796 602 943 670 diversis
965 602 1096 670 artibus
1116 602 1245 692 reperi-

177 730 296 786 rentur
310 719 500 810 oolligeret‚
514 730 573 786 aut
589 719 711 787 saltem
722 742 809 810 quae
825 719 868 785 ab
884 718 997 809 aliquo
1014 720 1147 787 Graeco
1163 718 1244 786 dila-

175 845 248 902 tata
271 844 388 902 essent
412 835 662 925 comprimeret.
685 840 761 904 Non
781 845 835 903 est
856 834 963 925 igitur
985 859 1044 901 eur
1066 834 1187 903 Cicero
1209 836 1243 900 in

177 950 421 1018 Partitionibus
443 952 613 1019 Graecum
632 950 783 1017 libellum
803 950 838 1016 in
858 949 1016 1017 Latinam
1031 946 1184 1036 linguam
1201 944 1243 1012 ad

174 1068 319 1135 verbum
334 1066 547 1134 convertisse
563 1067 708 1134 dicatur.

219 1183 310 1252 Nihil
327 1193 379 1250 est
394 1192 464 1249 tam
480 1182 602 1248 mirum
621 1206 730 1272 neque
750 1193 821 1249 tam
842 1205 860 1248 a
880 1179 1107 1248 monumentis
1123 1187 1156 1245 et
1171 1178 1242 1245 his-

176 1299 264 1366 toria
280 1299 429 1366 alienum
444 1298 534 1389 quod
550 1321 617 1364 non
634 1297 745 1388 possit
761 1297 863 1364 etiam
883 1321 903 1364 a
922 1297 1032 1364 doctis
1047 1295 1132 1362 viris
1152 1295 1242 1361 affir-

77 1439 83 1451 ‘
177 1415 273 1482 mari.
302 1418 421 1505 ltaque
451 1413 580 1481 inventi
610 1425 689 1481 sunt
721 1413 778 1504 qui
811 1413 963 1480 dicerent
996 1411 1124 1502 Topica
1155 1435 1242 1502 quae

177 1529 298 1598 Cicero
322 1529 357 1596 in
381 1529 616 1621 navigatione,
642 1553 719 1596 oum
745 1529 842 1596 libris
870 1538 1014 1608 careret,
1040 1527 1243 1617 conscripsit

175 1645 257 1711 nihil
277 1669 356 1712 esse
376 1646 443 1712 nisi
463 1645 588 1714 Graeci
609 1645 752 1712 alieuius
776 1644 881 1711 libelli
905 1645 1047 1711 sormam
1070 1643 1238 1711 Latinam.

174 1761 377 1830 Nominatus
394 1771 448 1829 est
463 1772 582 1829 auctor
597 1764 752 1831 Graecus
771 1786 778 1826 :
797 1760 985 1828 Antiochus
1002 1758 1199 1827 Ascalonita
1216 1760 1238 1824 ¹.

219 1877 284 1946 Cui
300 1877 404 1944 mirae
421 1876 611 1952 sententiae
626 1877 754 1943 nullum
768 1876 869 1944 video
885 1886 1124 1967 argumentum
1139 1874 1240 1941 ullius

175 1994 335 2062 momenti
355 1993 421 2060 nisi
441 1994 531 2084 quod
551 1993 585 2059 in
607 1993 744 2083 Topicis
763 1992 939 2061 Ciceronis
956 1991 1073 2058 variae
1091 1991 1240 2058 rationes

174 2109 389 2177 miscentur:
412 2133 488 2176 eum
512 2109 631 2200 paucis
652 2108 869 2176 Aristoteleis
891 2107 1084 2198 praeceptis
1107 2107 1240 2175 Acade·

175 2225 261 2293 mica
276 2235 310 2292 et
326 2225 440 2293 Stoica
456 2225 725 2316 coniunguntur;
739 2223 944 2292 Antiochum
958 2246 1041 2290 vero
1056 2223 1182 2290 scimus
1200 2247 1240 2290 ex

173 2341 279 2408 variis
310 2341 436 2409 scholis
461 2340 578 2408 varias
603 2340 777 2408 doctrinas
802 2339 993 2430 sumpsisse
1020 2340 1111 2407 etin
1136 2363 1239 2406 unum

86 2497 91 2506 ,
174 2457 342 2524 conflasse
362 2459 386 2523 2.

217 2573 294 2659 Quo
310 2584 512 2664 argumento
523 2575 632 2641 lateor
642 2573 723 2640 mihi
734 2597 806 2640 rem
816 2573 953 2641 minime
963 2571 1072 2639 videri
1084 2571 1239 2639 demons-

173 2698 311 2755 tratam.
331 2690 381 2757 Ac
400 2689 547 2780 primum
563 2689 766 2780 Topicorum
782 2689 824 2755 ab
841 2688 1009 2757 Antiocho
1030 2686 1239 2776 conscripto-

172 2828 246 2870 rum
272 2805 402 2871 nullum
426 2804 517 2895 apud
540 2805 698 2896 antiquos
720 2804 907 2895 vestigium
932 2813 1055 2871 exstat.
1080 2802 1238 2893 Vestigia
1300 2888 1304 2895 Ι

172 2918 397 2987 Academioae
426 2920 600 2988 doctrinae
634 2921 668 2986 in
700 2919 837 3010 Topicis
866 2943 932 2986 non
961 2919 1239 2985 demonstrantur

172 3034 279 3102 luisse
293 3061 300 3101 ε
314 3036 405 3125 quod
418 3035 507 3103 enim
523 3037 691 3127 quaedam
707 3035 784 3102 huic
799 3035 885 3102 libro
899 3059 975 3102 cum
991 3033 1237 3101 Partitionibus

172 3161 251 3217 sunt
261 3152 465 3235 communia,
479 3151 513 3219 id
524 3153 655 3218 nullum
670 3162 912 3242 argumentum
927 3161 981 3218 est
999 3177 1005 3218 :
1023 3173 1132 3241 neque
1148 3149 1237 3216 enim

172 3266 284 3333 omnia
317 3289 405 3356 quae
438 3267 473 3333 in
502 3267 748 3334 Partitionibus
783 3267 999 3358 reperiuntur
1031 3264 1237 3333 Academica

172 3391 251 3448 sunt
270 3385 295 3448 ³.
319 3381 355 3449 Si
374 3381 455 3473 quid
474 3393 589 3450 tamen
608 3382 849 3450 Academicum
868 3382 902 3448 in
919 3381 1056 3471 Topicis
1077 3380 1235 3464 habetur,

171 3498 281 3588 potuit
301 3520 367 3564 non
387 3497 499 3565 minus
520 3498 733 3579 aCicerone,
756 3497 813 3588 qui
832 3495 1056 3565 Academicos
1079 3496 1235 3564 doctores

171 3612 337 3680 habuerat
370 3637 472 3704 quam
506 3615 549 3680 ab
582 3613 751 3681 Antiocho
784 3637 859 3680 cum
892 3613 1015 3680 ceteris
1044 3612 1236 3702 praeceptis

170 3729 394 3796 commisceri.
422 3729 536 3796 Stoica
560 3729 728 3820 quaedam
753 3729 889 3820 Topicis
914 3729 1043 3796 inserta
1068 3751 1236 3795 essenon

205 3925 230 3974 l.
248 3924 382 3985 Wallies
402 3928 443 3978 De
462 3924 588 3992 sontibus
617 3924 783 3998 Topicorum
807 3924 957 3982 Ciceronis,
982 3944 1010 3994 p.
1032 3925 1126 3977 45-48.
1151 3925 1234 3976 Exei-

169 4003 266 4073 piebat
283 4004 407 4056 Wallies
431 4005 559 4056 ultimam
580 4005 751 4074 Topicorum
771 4013 880 4074 partem
902 4006 954 4072 (21,
977 4005 1071 4065 79-26,
1091 4004 1162 4071 100),
1185 4005 1235 4055 sed

170 4099 230 4134 eam
250 4101 363 4153 quoque
379 4085 470 4154 ipsam
487 4083 569 4136 Kroll
584 4083 725 4136 Antiocho
741 4084 919 4136 tribuendam
939 4093 1020 4154 putat
1040 4083 1234 4154 (Rheiniscbes

169 4163 307 4222 Museum,
325 4164 358 4214 N.
376 4164 407 4214 F.
426 4163 527 4224 LVlll,
546 4165 624 4224 1903,
641 4183 669 4234 p.
687 4164 823 4233 591-592).

205 4243 230 4292 2.
247 4241 381 4303 Wallies,
398 4261 427 4312 p.
444 4244 487 4295 46.

204 4321 229 4372 3.
247 4320 290 4373 Cs.
309 4339 404 4392 supra,
422 4341 450 4392 p.
467 4322 510 4374 58.
