3062 5050
296 492 349 549 102
401 509 494 550 CAPUT
507 510 534 550 V.
550 524 581 532 -
596 510 748 560 obstantis
762 510 865 550 CICERO
880 509 1064 551 SENTENTIAM
1080 511 1251 551 uuravamr

295 642 387 711 tibus
421 642 455 709 hi
487 643 618 711 numeri
652 644 906 712 constituantur
938 643 1117 713 enodatius
1147 644 1182 710 in
1211 646 1356 713 Oratore

295 757 442 849 explicat
480 759 502 826 ¹.
535 762 585 826 De
621 759 784 827 clausulis
817 783 920 828 unam
951 770 1085 828 tantum
1119 760 1358 828 sententiolam

295 875 543 942 subobscuram
557 875 591 941 in
606 875 707 943 tertio
722 874 764 942 de
780 877 924 944 Oratore
941 875 1144 966 scripserat;
1164 877 1262 967 plura
1275 899 1357 944 vero

294 989 329 1056 in
349 992 494 1059 Oratore
510 1001 692 1082 praecepta
708 991 824 1058 tradit.

334 1133 405 1196 Duo
420 1133 504 1194 enim
520 1142 575 1194 aut
589 1141 654 1195 tres
673 1134 739 1196 fere
759 1143 833 1196 sunt
851 1134 986 1196 extremi
1007 1133 1154 1196 servandi
1174 1142 1206 1195 et
1226 1133 1356 1195 notandi

293 1222 403 1306 pedes,
426 1222 452 1284 si
475 1223 569 1285 modo
590 1242 654 1284 non
680 1223 825 1284 breviora
849 1232 881 1285 et
902 1224 1048 1307 praecisa
1068 1232 1160 1285 erunt
1179 1223 1355 1305 superiora,

294 1332 374 1394 quos
389 1318 443 1372 aut
458 1313 585 1373 chorios
601 1321 656 1373 aut
670 1313 787 1373 bercos
802 1321 856 1374 aut
871 1312 1017 1373 alternos
1032 1332 1103 1374 esse
1118 1312 1290 1395 oportebit,
1303 1320 1358 1374 aut

294 1401 326 1461 in
341 1422 473 1483 paeane
494 1401 549 1462 illo
570 1402 758 1484 posteriore,
782 1421 877 1484 quem
897 1401 1087 1464 Aristoteles
1106 1402 1231 1485 probat,
1252 1411 1308 1463 aut
1329 1401 1358 1463 ei

294 1489 364 1571 pari
380 1493 497 1551 cretico
512 1491 533 1550 ².
550 1489 598 1552 De
614 1490 683 1561 Or..
701 1496 730 1566 3,
749 1496 797 1565 50,
818 1497 886 1553 193.

334 1577 455 1640 Insistit
470 1587 575 1640 autem
592 1580 730 1641 ambitus
745 1580 848 1642 modis
864 1580 1021 1664 pluribus
1034 1600 1051 1641 e
1066 1580 1181 1662 quibus
1196 1600 1294 1642 unum
1310 1587 1359 1642 εει

294 1677 402 1730 secuta
413 1666 490 1729 Asia
501 1667 648 1742 maxime,
663 1669 716 1750 qui
728 1669 902 1731 dichoreus
912 1679 1053 1744 vocatur,
1067 1689 1139 1731 cum
1151 1669 1213 1730 duo
1225 1669 1358 1730 extremi

294 1756 401 1818 chorei
413 1766 497 1830 sunt,
510 1756 541 1817 id
553 1766 602 1819 est
612 1777 629 1819 e
641 1758 778 1842 singulis
788 1757 895 1842 longis
906 1768 938 1821 et
948 1758 1134 1820 brevibus...
1148 1757 1242 1820 Cadit
1252 1767 1357 1820 autem

293 1865 352 1928 per
366 1865 400 1907 εε
415 1845 468 1907 ille
483 1845 553 1928 ipse
568 1846 743 1929 praeclare,
759 1867 822 1929 quo
838 1847 933 1908 etiam
949 1847 1081 1910 satietas
1095 1846 1296 1909 formidanda
1310 1854 1358 1908 est

294 1933 435 2017 magis...
449 1934 511 1996 Sed
523 1944 598 1997 sunt
608 1934 769 1998 clausulae
779 1935 898 2017 plures,
908 1956 989 2018 quae
1000 1956 1169 1998 numerose
1180 1944 1212 1997 et
1222 1933 1358 1997 iucunde

294 2021 419 2084 cadant.
437 2022 517 2084 Nam
533 2032 565 2086 et
580 2027 729 2104 creticus,
747 2025 801 2109 qui
816 2033 866 2086 est
885 2046 902 2087 e
921 2025 1019 2108 longa
1039 2033 1071 2086 et
1090 2024 1177 2086 brevi
1197 2033 1229 2087 et
1247 2024 1355 2107 longa,

293 2120 326 2173 et
342 2111 411 2173 eius
426 2111 568 2194 aequalis
583 2135 707 2195 paean,
725 2115 778 2196 qui
794 2114 899 2197 spatio
918 2135 977 2197 par
996 2121 1055 2188 εει,
1077 2112 1199 2195 syllaba
1218 2113 1355 2196 longior,

293 2221 388 2282 quam
404 2201 662 2264 commodissime
677 2212 808 2285 putatur
822 2203 854 2263 in
870 2203 1009 2265 solutam
1024 2203 1200 2265 orationem
1215 2202 1355 2287 inligari,

294 2309 365 2350 cum
381 2290 423 2351 sit
437 2289 592 2372 duplex...
605 2291 652 2352 Ne
662 2292 822 2373 spondius
833 2292 961 2374 quidem
973 2291 1115 2353 funditus
1126 2300 1175 2353 est
1185 2292 1358 2375 repudian-

294 2378 390 2439 dus...
412 2378 459 2440 Ne
483 2379 612 2439 iambus
631 2380 759 2463 quidem
779 2381 833 2463 qui
853 2389 903 2442 est
922 2381 1042 2442 ebrevi
1060 2388 1092 2442 et
1105 2379 1214 2465 longa,
1232 2389 1287 2442 aut
1301 2401 1360 2464 par

294 2467 410 2529 choreo
425 2469 478 2550 qui
494 2468 591 2529 habet
609 2470 668 2531 tris
687 2469 800 2532 breves
820 2471 994 2531 trochaeus
1016 2469 1071 2532 sed
1089 2471 1193 2553 spatio
1209 2490 1278 2552 par,
1295 2489 1358 2531 non

294 2556 436 2637 syllabis,
450 2566 504 2619 aut
519 2557 616 2620 etiam
633 2559 816 2638 dactylus³,
830 2559 883 2641 qui
899 2567 950 2620 est
964 2579 980 2620 e
996 2559 1093 2642 longa
1104 2566 1136 2620 et
1150 2558 1274 2621 duabus
1290 2559 1358 2620 bre·

293 2645 397 2719 vibus,
413 2646 439 2708 si
455 2657 504 2708 est
518 2647 684 2729 proximus
700 2669 718 2708 a
733 2657 907 2730 postremo,
925 2669 1038 2730 parum
1053 2647 1234 2711 volubiliter
1249 2668 1358 2731 perve-

293 2733 340 2794 nit
358 2734 398 2795 ad
418 2743 606 2810 extremum,
629 2736 655 2796 si
676 2745 725 2798 est
744 2745 905 2798 extremus
930 2737 1065 2800 choreus
1088 2744 1143 2798 aut
1164 2736 1356 2820 spondius...

293 2821 470 2884 Dochmius
490 2832 596 2886 autem
615 2845 632 2886 e
652 2825 792 2907 quinque
812 2825 954 2907 syllabis.
975 2825 1074 2898 brevi,
1092 2825 1216 2887 duabus
1238 2824 1356 2909 longia,

294 2910 392 2985 brevi,
403 2911 511 2996 longa,
522 2914 681 2976 utesthoc
692 2940 705 2970 «
716 2913 845 2976 Amicos
853 2923 943 2976 tenes
955 2939 981 2988 »‚
993 2914 1105 2997 quovis
1114 2913 1184 2976 loco
1193 2922 1289 2996 aptus
1297 2921 1356 2987 εει,

294 2999 369 3060 dum
380 3000 479 3062 semel
490 3012 627 3084 ponatur
639 3024 645 3063 :
659 3003 792 3066 iteratus
808 3013 862 3065 aut
875 3003 1078 3064 continuatus
1089 3022 1257 3066 numerum
1269 3023 1358 3085 aper-

292 3096 360 3149 tum
376 3098 408 3150 et
422 3091 518 3152 nimis
533 3091 693 3175 insignem
708 3091 793 3152 lacit.
811 3090 880 3167 On,
898 3097 947 3166 63,
965 3097 1119 3167 212-2133
1142 3095 1191 3166 64,
1210 3096 1355 3154 215-218.

548 3340 561 3412 5
585 3333 617 3398 6.
644 3371 688 3382 -
712 3335 938 3403 Memoria.
965 3335 1103 3403 Actio.

340 3531 389 3594 [)ε
411 3528 573 3595 memoria
593 3538 626 3595 et
648 3528 780 3595 actione
802 3526 883 3594 nihil
904 3527 1050 3595 occurrit
1072 3527 1160 3594 unde
1181 3526 1358 3595 Ciceronis

187 3701 190 3706 .
294 3644 497 3711 sententiam
513 3643 695 3735 aliquando
709 3668 785 3711 esse
798 3654 963 3711 mutatam
973 3653 1143 3734 putemus.
1158 3644 1358 3711 Memoriam

329 3806 354 3854 1.
373 3803 435 3865 On,
454 3805 576 3864 41‚140;
595 3805 636 3866 71,
655 3805 715 3855 236.

329 3885 353 3934 2.
374 3885 416 3935 Ita
430 3884 553 3936 codices
572 3885 725 3954 Numquid
741 3885 944 3937 emendandum
960 3885 997 3936 sit
1012 3884 1169 3936 diiudicare
1185 3901 1241 3936 non
1257 3885 1356 3936 audeo.

292 3963 548 4025 Virdoctissimus,
564 3964 596 4015 C.
612 3964 749 4025 wilkins,
767 3975 918 4035 postquam
934 3965 968 4017 de
985 3964 1037 4017 boc
1052 3964 1115 4016 loco
1130 3964 1295 4034 disputarit,
1313 3963 1358 4014 his

292 4043 388 4095 verbis
415 4043 558 4095 concludit
585 4063 590 4094 ε
620 4065 631 4092 «
655 4045 714 4096 The
736 4045 931 4097 construction
954 4045 1076 4096 remains
1101 4043 1233 4104 obscure,
1261 4044 1314 4095 and
1336 4044 1359 4095 it

294 4141 386 4176 seems
401 4123 539 4192 probable
553 4123 613 4175 that
624 4125 786 4194 something
800 4125 825 4176 is
841 4124 924 4177 lost»
943 4125 993 4192 (De
1008 4125 1135 4182 Oratore,
1153 4143 1181 4194 p.
1200 4123 1271 4192 515).

327 4204 352 4253 3.
370 4203 411 4255 De
431 4203 543 4273 dactylo
567 4204 686 4255 maxime
711 4204 786 4255 inter
807 4222 837 4256 se
861 4214 986 4274 pugnant
1006 4221 1077 4275 quae
1097 4203 1199 4255 Cicero
1222 4204 1251 4254 in
1269 4203 1357 4256 tertio

292 4281 327 4335 de
345 4283 464 4334 Oratore
477 4283 546 4334 etin
563 4284 681 4335 Oratore
697 4283 807 4343 docuit;
821 4301 892 4355 quae
909 4293 1001 4336 tamen
1014 4283 1166 4336 conciliare
1181 4292 1300 4335 conatus
1313 4292 1359 4336 εει

291 4362 413 4414 Vossius
429 4362 710 4432 (Commentariorum
726 4362 936 4424 rhetoricorum,
956 4365 993 4427 ΙΙ,
1009 4383 1037 4434 p.
1055 4363 1128 4433 438).
