3062 5050
601 462 661 535 §1
684 494 715 502 -
737 481 884 521 nnunlrlo.
1223 465 1275 520 103

211 636 347 703 semper
361 612 488 680 oratori
504 612 648 680 maxime
664 613 895 681 necessariam
911 623 944 680 et
959 613 1142 704 diligenter
1161 615 1274 682 colen-

211 728 289 796 dam
304 728 438 818 putavit
453 728 556 812 ¹3sed
567 727 608 795 de
623 753 676 811 ea,
694 729 728 795 in
743 729 840 797 libris
856 729 898 796 de
915 731 1060 798 Oratore
1075 731 1087 774 2
1102 754 1224 820 pauca,
1241 729 1275 797 in

212 846 357 913 Oratore
377 845 389 888 ³
411 843 504 911 nulla
523 855 706 935 praecepta
728 844 832 912 dedit.
855 844 991 912 Actioni
1011 845 1276 913 Demosthenem

211 970 302 1027 recte
318 969 352 1026 et
371 959 499 1049 primas
516 970 549 1027 et
564 961 733 1028 secundas
754 971 787 1028 et
806 961 927 1028 tertias
947 960 1110 1029 tribuisse
1130 961 1203 1053 ipse
1224 972 1276 1029 ter

213 1075 394 1142 affirmavit
413 1075 447 1156 43
464 1074 525 1143 sed
542 1075 582 1143 de
598 1075 661 1143 hae
676 1077 795 1167 quinta
810 1076 998 1145 rhetoricae
1014 1088 1110 1167 parte
1125 1077 1276 1145 breviter

212 1191 285 1282 ipse
301 1191 491 1282 praecepit;
509 1190 695 1283 eademque
711 1193 780 1260 lere
796 1216 883 1283 quae
894 1192 928 1259 in
939 1193 1040 1260 tertio
1054 1192 1094 1260 de
1109 1195 1276 1262 Oratore⁵

211 1316 417 1397 exposuerat
444 1307 478 1373 in
506 1309 651 1376 Oratore
675 1311 688 1354 6
717 1309 896 1375 contraxit.
926 1312 964 1375 ln
994 1309 1239 1376 Partitionibus
1263 1311 1276 1354 7

211 1432 338 1505 autem,
360 1422 401 1489 de
424 1423 587 1490 memoria
611 1433 644 1490 et
669 1424 800 1490 actione
820 1423 1028 1514 paucissima
1047 1424 1274 1514 reperiuntur,

211 1561 318 1628 eaque
334 1562 410 1605 cum
426 1538 549 1607 ceteris
565 1539 638 1606 eius
654 1539 791 1630 scriptis
807 1541 906 1630 plane
927 1551 1131 1631 congruunt.

211 1805 236 1878 5.
256 1799 288 1864 7.
305 1837 349 1848 -
364 1801 575 1869 Eruditio.
590 1803 685 1880 Quo
701 1806 897 1886 tempore
914 1801 1067 1869 Cicero
1083 1801 1278 1886 coeperit

441 1931 539 1982 eam
563 1917 858 1983 necessariam
884 1917 1044 1984 dicere.

257 2117 324 2186 Sed
346 2128 399 2186 est
419 2118 510 2185 aliud
531 2117 692 2210 quiddam
711 2118 746 2184 in
766 2118 943 2187 Ciceronis
967 2117 1145 2186 rhetoricis
1170 2117 1278 2209 scrip-

180 2321 185 2328 ·
211 2235 270 2318 tis,
282 2245 424 2325 praeter
442 2234 499 2302 illa
519 2259 605 2326 quae
625 2235 666 2301 de
686 2234 895 2315 inventione,
913 2233 1148 2324 dispositione,
1165 2235 1278 2301 elocu-

212 2351 317 2432 tione,
357 2350 532 2430 memoria,
573 2350 717 2434 actione,
755 2360 833 2440 post
870 2350 1066 2417 innumeros
1109 2350 1276 2431 rhetores,

213 2466 398 2558 praecepit.
435 2466 606 2534 Latiorem
640 2466 729 2533 enim
762 2465 944 2557 quamdam
977 2476 1010 2533 et
1042 2466 1278 2556 perfectiorem

212 2583 425 2675 eloquentiae
455 2585 598 2650 sormam
622 2583 825 2674 descripsit;
849 2582 883 2650 in
911 2606 1016 2674 eaque
1044 2583 1278 2651 adumbranda

212 2699 357 2766 maxime
386 2721 594 2789 progressus
628 2698 701 2766 eius
736 2698 947 2789 agnoscitur.
980 2699 1067 2767 Cum
1098 2698 1205 2765 libros
1236 2699 1277 2766 de

215 2813 414 2883 Inventione
443 2814 593 2904 scripsit,
619 2814 733 2881 omnia
759 2813 951 2903 praeceptis
974 2813 1058 2880 artis
1082 2814 1276 2897 tribuebat,

212 2930 409 2998 innumeras
439 2930 641 3020 partitiones
672 2939 962 3020 argumentorum,
1002 2929 1198 2997 innumeras
1236 2929 1277 2997 de

213 3046 358 3137 singulis
383 3045 574 3113 orationum
596 3045 751 3136 partibus
777 3046 916 3136 regulas
942 3044 1075 3112 dicendi
1100 3069 1278 3113 enumera-

212 3164 287 3245 bat;
305 3162 497 3252 quindecim
512 3161 759 3252 indignationis
775 3163 882 3244 locoS,
900 3160 1048 3228 sedecim
1063 3160 1276 3252 conquestio-

212 3275 265 3344 nis
287 3273 550 3370 diligentissime
573 3278 856 3369 persequebatur,
879 3278 1133 3368 conabaturque
1158 3275 1277 3343 nihile

213 3402 283 3459 tam
302 3393 454 3483 pretiosa
477 3393 678 3483 supellectili
697 3393 981 3484 praetermittere.
1006 3393 1068 3459 His
1090 3391 1278 3460 minutiori-

249 3620 274 3668 1.
293 3618 368 3670 Part.
390 3635 444 3679 or.,
468 3619 492 3677 7,
513 3618 561 3675 26;
579 3619 621 3670 De
640 3617 702 3678 ΟΡ,
720 3619 744 3678 1,
762 3618 787 3678 5,
806 3618 852 3675 18;
871 3617 895 3678 2,
912 3617 954 3678 85,
971 3617 1083 3677 350-88,
1102 3617 1167 3676 360;
1184 3617 1276 3678 Brut,

214 3698 256 3759 60,
279 3698 387 3759 217-61,
406 3698 471 3757 219;
488 3698 531 3759 63,
550 3698 614 3757 227;
633 3698 674 3758 76,
693 3698 761 3756 265;
779 3698 821 3759 88,
839 3698 903 3756 301;
920 3696 981 3758 ΑΡ,
998 3696 1276 3759 2,1,2;Cat.mai.,

215 3778 238 3839 7,
257 3778 357 3834 21-22;
376 3779 418 3839 11,
437 3778 479 3828 38.

250 3858 274 3908 2.
293 3858 334 3910 De
350 3857 412 3918 ΟΡ,
431 3858 454 3918 2,
473 3857 515 3917 85,
533 3857 645 3917 350-88,
664 3857 724 3908 360.

249 3937 274 3987 3.
294 3957 306 3986 u
325 3937 367 3989 De
386 3937 524 3989 memoria
542 3937 613 3988 nihil
634 3946 677 3989 est
697 3937 749 3989 hoc
770 3936 833 3990 loco
851 3936 1009 3997 dicendum,
1031 3954 1103 4007 quae
1123 3935 1279 3989 communis

214 4025 258 4068 est
273 4016 424 4068 multarum
440 4016 543 4068 artium
560 4037 583 4066 n.
602 4016 665 4078 ΟΡ,
683 4018 725 4078 17,
741 4017 784 4068 54.

250 4096 275 4146 4.
292 4097 334 4149 De
350 4096 412 4157 ΟΡ,
430 4096 455 4157 3,
473 4096 516 4156 56,
535 4096 585 4146 213
599 4115 604 4154 ;
619 4097 713 4157 Brut,
729 4097 772 4158 38,
788 4097 853 4156 142;
871 4096 934 4157 ΟΡ,
952 4097 994 4157 17,
1012 4096 1055 4147 56.

250 4176 275 4226 5.
293 4177 334 4228 De
351 4176 413 4237 ΟΡ,
431 4176 455 4237 3,
473 4176 516 4237 56,
534 4177 647 4238 213-61,
667 4177 726 4228 227.

250 4255 275 4305 6.
293 4255 356 4317 ΟΡ,
375 4256 418 4317 17,
433 4256 529 4316 51-18,
544 4256 587 4307 60.

253 4335 278 4385 7.
296 4335 443 4398 Partem,
461 4336 485 4398 7,
501 4335 596 4387 25-26.
