3086 5040
608 1152 763 1220 CAPUT
789 1154 801 1217 l

331 1350 525 1464 Quanti
559 1357 727 1442 artem
753 1349 1076 1441 rhetoricam

451 1493 517 1585 Μ.
549 1490 752 1586 Tullius
783 1494 959 1584 fecerit

217 1775 304 1842 Cum
319 1772 360 1840 de
377 1773 493 1842 multis
509 1773 586 1840 aliis
602 1773 737 1841 difficile
758 1784 811 1841 est
831 1773 918 1841 scire
939 1772 1019 1864 quid
1040 1776 1087 1840 M.
1105 1771 1237 1839 Tullius

171 1889 332 1972 senserit,
350 1900 422 1957 tum
442 1889 483 1956 de
503 1889 652 1958 utilitate
673 1890 757 1958 artis
778 1889 967 1957 rhetoricae
982 1912 1085 1979 quam
1101 1898 1237 1956 senten-

170 2005 255 2072 tiam
270 2005 418 2073 tenuerit
432 2029 500 2072 non
516 2005 614 2073 facile
626 2015 741 2096 potest
752 2004 943 2072 diiudicari.
963 2008 1082 2096 Itaque
1094 2003 1150 2071 alii
1162 2026 1238 2071 eum

171 2145 355 2212 numquam
364 2145 445 2188 vere
456 2121 634 2189 dubitasse
646 2132 768 2212 putant
778 2121 860 2212 quin
871 2121 1044 2188 rhetorum
1054 2131 1238 2211 praecepta

172 2236 215 2303 ad
238 2237 438 2327 pariendam
463 2247 522 2304 aut
551 2236 793 2328 perficiendam
817 2236 1046 2328 eloquentiam
1070 2235 1237 2303 conduce-

172 2363 248 2420 rent
263 2354 293 2436 1;
311 2351 369 2419 alii
384 2377 466 2420 vero
486 2352 592 2420 libros
608 2352 650 2420 de
671 2354 816 2422 Oratore
837 2362 954 2420 contra
968 2351 1079 2443 ipsam
1095 2350 1238 2418 rhetori-

173 2491 247 2534 cam
272 2468 418 2558 scriptos
441 2492 519 2536 esse
543 2471 567 2552 2,
590 2467 790 2538 Ciceronem
810 2469 983 2535 rhetorum
1002 2467 1239 2535 adversarium

174 2583 280 2651 luisse
295 2586 308 2629 ³
323 2584 543 2653 contendunt.
562 2585 676 2672 Quare
693 2585 842 2651 conabor
856 2607 943 2674 quae
960 2583 990 2650 ei
1005 2581 1118 2673 opinio
1138 2583 1239 2650 suerit

174 2698 396 2790 investigare.

357 2957 371 3030 t
398 2952 427 3015 1.
454 2989 498 2998 -
521 2952 792 3036 Arqumenta
816 2951 1051 3036 peneralia.

217 3144 267 3211 Ac
291 3143 437 3234 primum
463 3143 569 3211 multa
595 3154 676 3211 sunt
698 3168 785 3235 quae
815 3143 1010 3234 significent
1038 3143 1238 3212 Ciceronem

175 3259 352 3349 permagni
377 3270 485 3327 artem
510 3258 713 3328 rhetoricam
737 3259 873 3327 secisse.
901 3262 985 3326 Eam
1010 3259 1099 3326 enim
1124 3259 1238 3325 multis

209 3456 233 3506 l.
250 3456 283 3507 Ε.
301 3456 399 3517 Havet,
416 3444 511 3510 trade
524 3476 574 3510 sar
589 3457 618 3510 la
630 3457 804 3530 Ithe'toriqae
818 3455 982 3513 d’Aristotc,
1001 3475 1028 3526 p.
1047 3456 1141 3506 80-81.

209 3536 233 3585 2.
251 3536 286 3587 Η.
311 3536 434 3596 Goelzer,
458 3535 599 3606 Dialogae
619 3536 669 3590 cles
690 3545 830 3596 oratears,
856 3534 1061 3594 Introduction,
1086 3555 1115 3605 p.
1139 3554 1205 3586 xum
1232 3555 1237 3586 ε

177 3633 188 3662 r
204 3614 286 3666 l'idee
301 3634 356 3686 que
370 3615 492 3668 Ciceron
507 3616 687 3687 de'veloppait
706 3635 769 3668 avec
786 3625 844 3668 tant
860 3617 894 3667 de
911 3616 987 3668 force
1004 3625 1031 3667 ct
1047 3615 1239 3684 d’originalite

178 3694 273 3746 «dans
289 3694 314 3746 le
330 3694 366 3747 de
384 3696 512 3756 Oratore,
535 3700 550 3747 a
568 3698 664 3748 savoir
679 3715 733 3766 que
754 3696 780 3747 la
795 3696 871 3748 vraie
887 3695 1041 3765 eloquence
1059 3695 1120 3746 doit
1139 3695 1238 3746 de'dai-

177 3793 188 3820 r
205 3791 274 3842 gaer
288 3774 315 3826 la
328 3774 494 3845 rhetorique
511 3797 535 3830 r,

208 3855 233 3904 3.
251 3854 403 3921 (Ciceroni,
432 3875 444 3903 a
470 3855 497 3907 le
521 3855 587 3925 plus
610 3853 778 3910 redoutable
800 3855 962 3906 adversaire
987 3856 1037 3906 des
1057 3855 1189 3906 rhc'teurs
1213 3875 1237 3905 ».

176 3931 217 4000 (A.
239 3935 360 3995 Sadous,
382 3936 424 3986 De
447 3933 477 3986 la
500 3934 662 4007 rlre'torique
683 3934 825 3987 attribue'e
845 3935 863 3985 ὰ
883 3937 974 4006 Derzys
990 3934 1236 3993 d'lIalicarnasse,

175 4030 201 4081 p.
214 4014 267 4082 lit.
285 4034 296 4062 α
309 4015 416 4066 Fcrner
428 4014 503 4066 zieht
517 4015 619 4066 Cicero
632 4015 660 4064 in
673 4014 780 4066 diesem
795 4014 904 4066 Werke
914 4016 969 4068 tDe
982 4016 1116 4082 Oratore)
1125 4013 1239 4065 tthnlich

178 4093 256 4145 «wie
275 4093 365 4154 Plato,
388 4093 485 4145 scharf
502 4112 593 4163 gegcn
613 4094 659 4145 die
680 4094 825 4146 Rhetoren
841 4095 884 4147 los
901 4116 925 4145 rr.
944 4094 1056 4162 (Zurek,
1078 4095 1138 4144 Das
1156 4092 1240 4146 Ideal

177 4191 188 4220 a
205 4170 255 4224 des
270 4171 399 4226 Redners
415 4173 460 4226 tet
472 4173 556 4226 Plato
570 4172 629 4226 and
646 4173 751 4232 Cicero,
768 4193 797 4243 p.
812 4176 866 4242 17).
878 4205 913 4213 —
931 4175 1069 4226 Similiter
1084 4173 1117 4224 A.
1135 4173 1236 4244 Lieby,

178 4251 319 4315 Quantum
339 4251 541 4327 philosophiae
565 4251 662 4305 stadio
684 4251 724 4304 ad
748 4251 911 4321 aagendam
933 4251 1048 4305 dicendi
1070 4252 1239 4321 facultatem

178 4330 271 4383 Cicero
287 4329 426 4390 tribuerit,
445 4351 472 4402 p.
490 4333 533 4383 31.

1093 4455 1107 4496 2
