3062 5050
234 447 269 508 16
348 467 442 508 CAPUT
460 467 503 507 111.
524 479 556 490 ···
576 467 645 517 QUID
665 467 897 509 nmenrloaleus
916 468 1018 508 CICERO
1037 467 1184 508 annuenti

236 605 450 693 Hermagora
481 601 621 670 Tacitus
648 602 866 692 reprehendit
892 601 1051 669 videatur
1079 626 1160 669 suos
1185 602 1297 670 facere

233 717 398 786 voluisse.

279 836 329 900 De
351 832 574 925 dispositione
594 833 769 926 variisque
789 834 953 902 orationis
975 833 1131 924 partibus
1155 837 1298 902 Herma-

235 973 339 1040 goras
365 960 548 1040 praecepta
575 950 742 1034 dederat;
776 950 837 1018 sed
863 974 980 1018 eorum
1007 951 1169 1042 pleraque
1198 950 1297 1018 nobis

233 1065 353 1157 ignota
368 1075 459 1132 sunt.
479 1065 679 1134 Ciceronem
695 1077 809 1134 tamen
824 1065 866 1133 iis
881 1091 982 1133 usum
1002 1090 1079 1134 esse
1100 1090 1141 1134 ex
1159 1066 1297 1156 paucis-

234 1181 330 1249 simis
344 1181 412 1248 illis
429 1181 580 1272 reliquiis
596 1205 683 1273 quae
699 1183 741 1250 ad
757 1205 819 1250 nos
834 1191 1062 1272 pervenerunt
1081 1192 1209 1250 certum
1229 1191 1293 1249 est.

234 1301 466 1389 Hermagoras
492 1296 582 1364 enim
605 1297 744 1365 exordia
768 1297 955 1365 secundum
978 1308 1140 1389 quattuor
1168 1321 1296 1388 genera

233 1435 415 1481 causarum
440 1413 449 1458 ¹
475 1412 652 1496 diviserat,
683 1412 864 1481 honestum
890 1411 1029 1502 (dicier),
1061 1413 1259 1481 admirabile
1283 1415 1296 1458 2

232 1526 433 1620 (παράδοξον),
463 1527 587 1594 humile
618 1526 748 1616 (ἄδοξον),
781 1550 907 1619 anceps
941 1527 1130 1620 (ἀμφίδοξον).
1167 1529 1296 1596 Eadem

232 1644 400 1713 divisione
421 1643 529 1711 utitur
548 1643 690 1726 Cicero;
717 1643 872 1735 quintum
892 1655 1007 1711 tamen
1032 1668 1142 1735 genus
1165 1643 1259 1711 addit
1285 1671 1292 1712 :

234 1787 250 1824 (ι
267 1760 450 1828 obscurum
471 1787 487 1824 »
508 1763 532 1826 ³.
557 1762 595 1826 in
614 1760 806 1850 praeceptis
822 1783 909 1851 quae
925 1760 968 1827 ad
983 1772 1116 1828 ceteras
1131 1761 1295 1828 orationis

231 1886 348 1967 partes
363 1875 545 1967 pertinent,
563 1875 644 1966 quid
660 1875 702 1943 ab
719 1879 931 1967 Hermagora
947 1888 1120 1967 sumptum
1136 1877 1181 1944 sit
1194 1877 1294 1968 plane

232 1991 398 2059 incertum
414 2002 479 2060 est.

278 2110 316 2174 ln
343 2107 440 2175 libris
463 2107 504 2175 de
527 2107 724 2174 Inventione
751 2118 805 2176 sat
831 2109 937 2175 multa
961 2112 1195 2200 Hermagorea
1216 2133 1294 2177 esse

232 2233 322 2292 recte
339 2223 493 2292 concludi
508 2234 633 2314 potest.
647 2224 738 2310 Quid
747 2247 829 2292 vero
845 2225 886 2291 de
902 2224 1062 2315 operibus
1073 2249 1160 2317 qnae
1174 2226 1294 2295 Cicero

231 2351 352 2431 postea
368 2339 533 2430 scripsit?
547 2342 634 2408 Cum
653 2339 687 2406 in
707 2339 749 2406 iis
766 2363 899 2431 quoque
918 2341 1166 2430 posterioribus
1186 2342 1294 2432 scrip-

230 2455 276 2523 tis
303 2455 393 2524 haud
416 2478 526 2546 pauca
549 2466 729 2546 praecepta
757 2454 842 2522 artis
867 2456 1092 2546 reperiantur,
1119 2481 1185 2525 non
1212 2457 1294 2525 nulli

230 2571 309 2638 inde
325 2571 529 2640 concludunt
544 2572 648 2638 multa
662 2574 894 2662 Hermagorae
910 2572 1026 2640 deberi
1041 2574 1065 2640 4.
1079 2573 1146 2641 Sed
1157 2573 1293 2640 minime

230 2711 349 2755 verum
383 2697 436 2755 est
468 2687 617 2754 omnium
645 2696 904 2777 praeceptorum
931 2687 1015 2755 artis
1046 2665 1293 2779 Hermagoram

231 2804 341 2870 solum
361 2813 533 2870 auctorem
553 2802 671 2870 fuisse.
688 2795 866 2894 Τεχνολογία
881 2803 970 2868 enim
986 2813 1063 2872 ante
1079 2827 1156 2870 eum
1174 2825 1293 2894 regna·

229 2928 328 2985 verat
353 2942 462 3010 neque
488 2942 648 3009 umquam
675 2918 718 2984 ab
745 2917 895 3009 antiquis
922 2919 995 2985 eius
1023 2918 1130 2986 solius
1155 2919 1294 3010 propria

230 3033 346 3101 habita
357 3045 421 3102 est.
436 3036 474 3100 ln
488 3033 637 3100 secundo
648 3033 783 3124 quidem
794 3033 835 3100 de
847 3035 992 3102 Oratore
1003 3032 1090 3101 libro
1100 3037 1267 3125 τεχνολογία
1281 3036 1293 3079 ⁵

230 3149 421 3238 continetur
445 3150 506 3217 sed
529 3173 568 3217 ea
591 3173 678 3240 quae
700 3150 744 3216 ab
766 3153 999 3239 Hermagorea
1021 3149 1121 3216 valde
1144 3148 1290 3216 differat.

230 3267 326 3352 Quae
347 3265 435 3332 enim
458 3264 578 3334 Cicero
598 3265 633 3331 in
654 3263 750 3332 libris
776 3265 817 3331 de
840 3264 1038 3332 Inventione
1060 3269 1292 3356 Hermagorae

229 3381 366 3472 propria
386 3381 575 3448 tradiderat
594 3404 635 3447 ea
655 3381 810 3448 consulto
831 3391 863 3448 et
878 3380 912 3446 in
927 3379 1024 3447 libris
1040 3380 1081 3446 de
1097 3381 1243 3448 Oratore
1259 3391 1293 3447 et

265 3607 290 3657 1,
308 3605 351 3657 cf.
368 3605 476 3666 Thiele‚
491 3607 694 3674 Hermagoras,
713 3622 741 3673 p.
759 3605 889 3655 113-121.

265 3687 289 3736 2.
307 3686 365 3737 Hac
384 3703 461 3746 voce,
483 3703 565 3756 quam
582 3684 684 3736 Cicero
701 3685 857 3754 usurpavit,
880 3701 1007 3753 graecam
1025 3700 1121 3735 vocem
1141 3681 1291 3757 παράδοξον

229 3765 301 3818 male
319 3766 439 3835 exprimi
459 3765 603 3817 contendit
620 3763 729 3825 Thiele‚
749 3764 937 3829 Quaestiones
956 3763 991 3816 de
1013 3763 1145 3834 Cornifici
1164 3771 1191 3816 et
1214 3761 1291 3815 Cice-

227 3845 306 3898 ronis
319 3844 430 3897 artibus
444 3843 602 3903 rhetoricis,
617 3863 645 3914 p.
660 3844 686 3895 6.

263 3926 287 3976 3.
306 3925 374 3984 Iov„
392 3926 475 3985 1,15,
493 3924 536 3975 20.

263 4005 288 4055 4.
307 4005 348 4054 Ita
368 4004 453 4056 sentit
470 4003 513 4053 vir
532 4003 716 4055 doctissimus
736 4003 786 4053 W.
808 4002 900 4063 Kroll,
918 4002 966 4072 qui
986 4011 1073 4054 totam
1088 4001 1236 4054 Ciceronis
1256 4001 1291 4054 dc

228 4084 386 4135 inventione
401 4083 557 4135 doctrinam
569 4101 602 4135 ex
617 4083 794 4151 Hermagora
809 4081 937 4134 haustum
949 4099 1013 4134 esse
1024 4082 1168 4134 contendit
1180 4081 1291 4148 (Cicero

229 4163 287 4216 und
306 4162 353 4215 die
371 4161 514 4222 Rhetorit,
535 4163 614 4214 Neue
633 4159 810 4214 Jatrtacter
827 4162 875 4229 [ἂν
894 4160 948 4213 das
968 4160 1125 4214 Hassische
1138 4160 1287 4220 Altcrtum,

227 4243 275 4304 XI,
293 4244 371 4304 1903,
388 4261 416 4312 p.
432 4243 570 4309 682-683).

263 4325 288 4374 5.
306 4322 375 4384 Au..
391 4324 415 4382 4,
434 4323 476 4383 16,
494 4322 518 4373 3.
