3086 5040
340 1230 430 1346 De
472 1231 561 1346 Μ.
604 1230 775 1347 Tulli
818 1232 1151 1350 Ciceronis

425 1430 667 1544 studiis
712 1431 1058 1546 rhetoricis

599 2029 884 2098 PROOEMIUM

253 2247 442 2316 Historiam
467 2249 552 2317 artis
575 2251 778 2333 rhetoricae,
806 2251 864 2318 diu
888 2252 1091 2343 neglectam,
1119 2253 1273 2322 nunciis

208 2364 265 2456 qui
291 2365 505 2457 antiquitatis
528 2367 642 2434 studio
661 2376 821 2434 tenentur
839 2368 984 2436 maxime
1004 2370 1181 2438 colendam
1196 2395 1276 2438 esse

207 2481 397 2548 doctissimi
430 2482 495 2549 viri
525 2485 534 2530 ¹
567 2483 787 2551 arbitrantur.
819 2487 890 2552 Nec
923 2485 1057 2552 mirum.
1088 2490 1176 2554 Nam
1207 2511 1274 2578 quo

208 2597 329 2663 melius
350 2600 561 2666 Graecorum
582 2603 879 2690 Romanorumque
899 2599 1034 2667 litterae
1060 2624 1274 2692 cognoscun-

207 2721 274 2794 tur,
301 2736 341 2779 eo
367 2713 478 2804 magis
505 2714 724 2805 perspicuum
748 2714 786 2781 fit
810 2724 975 2805 quantum
999 2717 1089 2805 apud
1115 2717 1273 2808 antiquos

208 2851 264 2895 ars
284 2827 466 2911 rhetorica,
487 2830 542 2896 vel
563 2831 606 2897 ad
627 2831 882 2914 conformanda,
904 2831 959 2898 vel
984 2832 1026 2899 ad
1051 2832 1273 2901 deformanda

207 2943 380 3011 hominum
395 2944 536 3035 ingenia
550 2945 708 3012 valuerit.

253 3062 345 3128 Inter
361 3060 519 3152 antiquos
533 3084 617 3129 vero
637 3061 823 3152 scriptores
839 3061 896 3153 qui
916 3061 958 3128 de
978 3061 1147 3130 rhetorica
1167 3063 1273 3131 libros

208 3175 399 3257 ediderunt,
431 3200 594 3268 magnum
628 3188 720 3245 certe
754 3178 865 3245 locum
904 3177 1024 3246 Cicero
1057 3189 1162 3246 tenet.
1198 3184 1273 3248 Non

208 3292 307 3360 modo
329 3292 419 3359 enim
441 3294 547 3360 multa
570 3295 782 3361 Graecorum
804 3304 987 3383 praecepta
1012 3295 1164 3362 servavit
1186 3320 1273 3387 quae

208 3408 298 3497 apud
314 3407 468 3475 rhetores
480 3410 634 3476 Graecos
650 3432 717 3500 non
732 3409 895 3499 leguntur
910 3419 943 3476 et
957 3409 1084 3501 aliquid
1095 3420 1274 3501 praeterea

207 3523 248 3589 de
265 3547 327 3590 suo
343 3523 502 3606 contulit3
525 3524 586 3590 sed
602 3523 716 3605 etiam,
740 3549 781 3591 ex
796 3524 953 3592 omnihus
975 3525 1031 3617 qui
1047 3527 1088 3593 de
1104 3525 1274 3594 rhetorica

209 3637 432 3729 scripserunt,
451 3640 545 3706 solus
566 3649 619 3706 est
639 3639 940 3730 quamplurimum
960 3641 1102 3708 dicendo
1121 3641 1273 3709 valuisse

208 3763 355 3821 constet:
376 3757 495 3846 Itaque
512 3754 585 3821 eius
601 3754 806 3822 rhetoricam
823 3755 1012 3822 doctrinam
1032 3759 1045 3802 2
1064 3758 1273 3847 perscrutari

208 3879 253 3953 et,
271 3869 300 3936 si
315 3868 388 3936 fieri
408 3880 539 3961 posset,
556 3870 729 3938 illustrare
750 3894 817 3939 non
837 3870 956 3938 inutile
977 3871 1069 3939 duxi.
1089 3872 1178 3959 Quid
1197 3873 1273 3940 aliis

243 4067 268 4116 1.
285 4065 319 4118 V.
339 4084 366 4136 g.
383 4066 586 4128 Wilamowitz,
603 4066 656 4119 Die
669 4053 851 4136 'griechische
870 4066 1017 4120 Literatur
1034 4067 1084 4121 des
1104 4068 1270 4129 Altertums,

208 4163 234 4214 p.
252 4146 313 4197 101.

244 4225 268 4276 2.
286 4226 327 4278 De
347 4226 526 4278 orationibus
546 4227 608 4279 eius
629 4227 657 4279 in
675 4226 763 4278 altera
781 4225 855 4279 thesi
876 4227 1028 4297 disputavi,
1046 4246 1117 4298 quae
1137 4228 1272 4281 inscribi-

210 4314 255 4356 tur
272 4305 402 4360 :Etudes
416 4325 467 4359 sur
481 4307 508 4360 le
520 4307 592 4380 style
607 4306 658 4360 des
674 4306 804 4359 discours
820 4306 856 4360 de
873 4307 996 4361 Ciceron.
1013 4309 1104 4371 Paris,
1123 4308 1270 4370 Hachette,

210 4385 287 4437 1907.

1126 4511 1138 4553 1
