3062 5050
699 1185 854 1254 CAPUT
878 1187 909 1252 V

270 1405 545 1520 Quatenus
565 1403 739 1496 Cicero
758 1403 820 1494 de
837 1402 1121 1517 praeceptis
1137 1399 1336 1491 dicendi

489 1557 805 1648 sententiam
832 1555 1118 1646 mutaverit

266 1854 272 1864 ·
316 1841 363 1905 Ut
385 1836 546 1916 indolem,
574 1835 623 1902 sio
649 1857 784 1925 quoque
807 1843 953 1899 mentem
976 1831 1153 1906 Ciceronis
1178 1831 1336 1898 mobilem

270 1952 390 2033 fuisse,
413 1976 454 2018 ne
476 1951 524 2018 illi
544 1951 681 2043 quidem
703 1960 832 2041 negant
852 1948 908 2040 qui
932 1972 1008 2014 eurn
1028 1948 1173 2014 maxime
1195 1946 1336 2014 laudare

272 2068 395 2136 solent.
426 2071 544 2158 ltaque
569 2067 691 2133 mirum
716 2076 810 2133 esset
832 2065 862 2132 si
886 2065 927 2131 de
950 2073 1021 2131 arte
1046 2063 1181 2131 dicendi
1204 2087 1338 2152 semper

271 2185 390 2252 eadem
406 2183 506 2274 quasi
525 2182 626 2249 effata
646 2181 915 2272 pronuntiasset.
933 2184 1051 2270 Neque
1071 2179 1145 2270 ipse
1166 2179 1338 2246 contendit

271 2323 308 2366 se
337 2299 372 2365 in
397 2299 516 2365 eadem
549 2298 719 2365 sententia
749 2296 933 2378 mansisse,
964 2297 1025 2363 sed
1053 2295 1087 2361 in
1117 2297 1263 2364 Oratore
1293 2293 1335 2360 ad

272 2418 414 2481 Brutum
443 2414 526 2480 haec
556 2413 694 2503 scripsit
723 2438 729 2479 :
762 2440 778 2475 «
808 2413 924 2480 Habes
954 2435 1069 2478 mcum
1099 2412 1141 2478 de
1172 2399 1344 2493 Oratore,

273 2534 429 2610 «Brute,
458 2531 657 2611 iudicium
684 2528 774 2619 quod
798 2537 858 2614 aut
882 2551 1038 2619 sequere,
1068 2527 1098 2594 si
1122 2526 1335 2617 probaveriS,

273 2673 289 2709 «
311 2657 369 2712 aut
390 2655 448 2712 tuo
477 2645 599 2724 stabiS,
625 2645 654 2711 si
677 2644 768 2712 aliud
793 2643 965 2735 quoddam
990 2652 1043 2710 est
1067 2653 1175 2709 tuum.
1204 2645 1242 2710 ln
1271 2664 1337 2732 quo

273 2790 289 2824 «
311 2785 420 2851 neque
438 2760 600 2851 pugnabo
619 2747 731 2828 tecum
747 2783 855 2850 neque
874 2759 936 2826 hoo
956 2782 1067 2825 meum
1083 2758 1124 2824 de
1144 2781 1210 2848 quo
1229 2767 1336 2824 tanto·

273 2901 390 2967 «pere
422 2876 485 2943 hoo
513 2876 601 2943 libro
630 2875 841 2956 asseverari,
869 2897 1031 2965 umquam
1060 2874 1235 2941 affirmabo
1261 2897 1337 2940 esse

273 3020 289 3054 «
310 2991 425 3058 verius
447 3015 548 3083 quarn
568 3001 675 3058 tuum.
693 2995 812 3058 Potest
828 2991 917 3057 enim
937 3014 1004 3057 non
1025 2988 1134 3056 solum
1151 2989 1241 3056 aliud
1257 2988 1338 3055 mihi

274 3136 289 3170 «
312 3132 350 3174 ac
366 3107 440 3188 tibi,
459 3106 637 3174 sedetiam
653 3108 813 3173 mihimet
829 3107 901 3194 ipsi
915 3108 1021 3174 aliud
1035 3107 1134 3172 alias
1151 3107 1287 3172 vtdert1
1305 3132 1335 3170 ».

316 3225 403 3290 Sane
420 3246 486 3289 non
502 3246 619 3290 omnes
635 3223 733 3314 quasi
749 3233 861 3289 motus
877 3223 1073 3313 opinionum
1089 3222 1162 3288 eius
1178 3245 1219 3290 ex
1235 3221 1338 3310 serip-

270 3339 421 3429 tis'quae
437 3338 574 3429 reliquit
592 3339 746 3428 aspicere
761 3339 851 3406 licet.
871 3340 957 3406 Sunt
972 3336 1108 3429 quidem
1128 3337 1206 3403 libri
1226 3336 1338 3403 rheto-

271 3454 332 3521 rici
353 3455 396 3521 ab
418 3454 674 3521 adulescentulo
695 3454 900 3544 conscripti3
922 3453 999 3520 libri
1019 3452 1061 3519 de
1082 3455 1240 3530 Oratore,
1263 3475 1338 3519 eum

272 3579 366 3637 esset
381 3569 631 3660 quinquaginta
647 3569 732 3637 duos
749 3593 856 3636 annos
872 3579 992 3648 natus3
1016 3567 1222 3635 Partitiones
1238 3567 1338 3659 paulo

272 3695 416 3775 postea3
440 3689 581 3767 BrutuS,
604 3686 742 3766 Orator,
767 3688 816 3751 De
838 3684 976 3774 Optimo
997 3687 1132 3754 Genere
1152 3693 1337 3765 oratorum,

273 3800 401 3891 Topica
416 3802 485 3867 fere
501 3800 629 3867 ultimis
642 3801 714 3867 eius
726 3801 817 3868 vitae
833 3799 1057 3891 temporibus
1077 3798 1158 3867 lnde
1172 3798 1339 3890 quasdam

273 3916 346 3983 eius
365 3915 482 3982 varias
498 3916 675 4006 opiniones
691 3917 894 3984 invenimus
914 3916 981 3984 Sed
1000 3915 1081 4006 quid
1097 3915 1138 3981 iis
1155 3914 1266 3991 annis,
1282 3913 1339 4006 qui

272 4031 441 4099 interiecti
464 4041 544 4098 sunt
565 4031 654 4097 inter
675 4032 759 4098 haec
783 4033 923 4122 scripta,
946 4031 1067 4100 Cicero
1090 4030 1249 4112 senserit,
1274 4053 1339 4096 non

272 4171 469 4237 possumus,
486 4147 552 4213 nisi
569 4172 609 4214 ex
624 4147 666 4214 iis
683 4147 801 4237 paucis
817 4171 903 4238 quae
919 4148 960 4214 de
977 4158 1048 4215 arte
1064 4146 1196 4216 dicendi
1213 4147 1248 4212 in
1264 4145 1339 4213 aliis

311 4363 336 4413 1.
356 4362 418 4424 Or.,
437 4363 479 4423 71,
498 4363 557 4413 237.
