3086 5040
462 449 522 524 §2
545 483 577 492 -
597 469 666 518 oum
686 468 820 510 rsocnsrr
838 469 986 510 assumus
1222 453 1256 508 21

189 626 261 667 rum
278 612 453 669 oratorum
469 613 682 693 receperunt.
705 604 751 670 At
765 601 934 693 genuinas
950 602 1090 669 easdem
1105 626 1183 669 esse
1199 603 1257 670 alii

189 718 278 785 docti
293 718 359 784 viri
380 729 508 809 negant
529 721 552 800 ¹,
574 718 771 786 testimonia
793 717 1011 808 antiquorum
1029 717 1070 784 de
1090 717 1132 785 iis
1153 718 1257 786 dubie

189 857 264 901 esse
285 836 507 916 contendunt,
530 836 625 925 ipsas
646 835 809 925 reliquias
825 859 884 902 ees
901 859 978 902 esse
994 844 1031 901 ut
1046 836 1089 902 ab
1106 839 1256 903 Isocrate

189 950 324 1016 minime
340 951 445 1018 scribi
460 951 644 1042 potuerint.

232 1066 283 1133 Ac
298 1066 444 1156 primum
460 1067 597 1156 quidem
617 1066 734 1134 dicunt
758 1071 943 1134 Isocratem
964 1067 1022 1157 qui
1042 1067 1127 1134 artis
1149 1067 1257 1157 scrip-

188 1193 281 1249 tores
297 1182 455 1263 irriserit,
473 1183 585 1273 ipsum
602 1207 668 1249 non
684 1182 838 1273 potuisse
854 1193 962 1250 artem
978 1182 1206 1250 conscribere.

234 1298 474 1387 Respondetur
493 1322 560 1365 non
580 1321 698 1366 omnes
721 1299 805 1367 artis
829 1299 1015 1388 scriptores
1039 1298 1082 1365 ab
1106 1302 1256 1365 Isocrate

188 1413 323 1480 irrideri
346 1416 370 1479 2.
399 1418 581 1481 Praeterea
601 1415 703 1481 etiam
724 1415 766 1494 si,
790 1438 866 1481 cum
888 1425 982 1481 esset
1003 1414 1126 1494 iunior,
1149 1425 1257 1482 artem

190 1529 392 1619 sprevisset,
410 1529 581 1619 potuisset
601 1541 735 1620 postea,
754 1530 885 1597 abiecta
907 1530 1019 1620 priore
1040 1529 1211 1597 sententia
1230 1533 1254 1612 ³,

191 1656 281 1710 artes
306 1669 520 1735 componere,
543 1646 633 1736 quod
654 1670 730 1712 cum
751 1646 927 1714 Ciceronis
952 1645 1148 1713 testimonio
1173 1645 1256 1711 mire

189 1771 417 1851 congrueret:
437 1761 600 1840 eitenim,
623 1773 762 1829 auctore
782 1762 968 1829 Aristotele
992 1788 999 1828 ε
1027 1790 1042 1824 «
1069 1765 1257 1829 Isocratem

192 1903 207 1937 a
229 1877 338 1966 primo
359 1887 467 1944 artem
489 1877 623 1944 dicendi
644 1901 722 1944 esse
747 1878 945 1969 negavisse,
968 1879 1118 1944 scrihere
1145 1888 1257 1944 autem

192 2018 207 2053 «
230 1991 305 2058 aliis
330 1992 467 2058 solitum
488 1993 674 2076 orationes,
698 1993 823 2084 quibus
845 1993 878 2058 in
903 1992 1037 2060 iudiciis
1059 2003 1256 2073 uterentur;

192 2135 207 2169 «
230 2108 289 2175 sed
306 2133 382 2175 cum
403 2133 444 2175 ex
464 2133 516 2189 eo,
539 2109 620 2198 quia
641 2109 741 2200 quasi
761 2109 987 2177 committeret
1007 2119 1126 2176 contra
1145 2110 1257 2200 legem

193 2250 207 2285 a
230 2247 300 2303 Quo
328 2247 409 2303 ouis
435 2247 571 2291 run1cro
597 2247 930 2292 cmcuuvuurnsrun
956 2253 971 2288 »
999 2249 1102 2315 saepe
1127 2225 1257 2315 ipsein

193 2366 207 2402 a
229 2340 390 2407 iudicium
404 2352 598 2422 vocaretur,
617 2341 788 2408 orationes
806 2341 881 2408 aliis
898 2340 1075 2408 destitisse
1092 2341 1256 2422 scribere,

192 2466 404 2547 «totumque
430 2481 466 2523 se
492 2457 534 2524 ad
558 2468 650 2524 artes
672 2458 925 2546 componendas
950 2456 1170 2524 transtulisse
1191 2457 1204 2502 4
1224 2484 1254 2523 ».

233 2571 381 2639 Additur
400 2596 467 2638 non
487 2572 578 2639 nulla
599 2573 633 2638 in
657 2572 715 2639 ille
738 2583 810 2640 arte
835 2573 976 2663 reperiri
1001 2597 1087 2663 quae
1114 2572 1257 2639 Isocrati

190 2806 302 2874 Sauppe
318 2806 454 2858 isocratis
466 2816 554 2856 artem
565 2806 700 2865 defendit,
715 2805 880 2874 Zeitschrist
891 2806 938 2873 sur
953 2804 1000 2858 die
1015 2805 1257 2858 Atterrkumswis-

189 2884 344 2952 sensclrast,
361 2887 439 2946 1835,
455 2905 482 2955 p.
500 2886 561 2936 110.

225 2966 249 3015 1.
273 2966 371 3024 Psund,
397 2968 438 3018 De
463 2965 601 3017 Isocratis
627 2965 683 3018 cita
709 2974 736 3016 et
758 2965 882 3039 scriptis,
910 2985 937 3035 p.
966 2967 1068 3022 21-22ς
1094 2962 1257 3038 Κυπριανὸς,

189 3042 224 3096 Τὰ
236 3042 379 3118 &poppaei
390 3047 438 3098 τοῦ
454 3043 637 3118 Ἰσοκράτους,
652 3064 679 3114 p.
695 3047 816 3096 213-215
830 3046 890 3116 (qui
905 3046 1007 3098 melius
1021 3046 1125 3097 ceteris
1140 3046 1175 3096 de
1189 3046 1258 3096 anti-

189 3143 309 3195 quorum
339 3127 511 3178 testimoniis
539 3126 699 3195 disputem:
729 3126 872 3185 Rehdanz‚
907 3126 1099 3194 Gottingische
1129 3124 1258 3196 Gelelcrte

189 3205 340 3274 Anzcigen,
360 3207 438 3263 1872,Ι
455 3225 483 3275 p.
501 3207 667 3260 1201-12052
682 3207 703 3255 T
706 3206 791 3262 hielc.
805 3208 864 3258 Das
878 3205 1022 3258 Lehrbuclt
1039 3205 1089 3257 des
1104 3208 1255 3264 Isocrates,

188 3287 314 3344 Hermes,
347 3286 460 3345 XXVII,
490 3287 568 3344 1892,
600 3305 628 3354 p.
657 3287 741 3335 ll-2l
769 3287 996 3353 (accuratissime
1022 3286 1057 3336 de
1084 3285 1216 3354 reliquiis
1243 3303 1258 3335 a

190 3365 312 3434 Spengel
333 3366 462 3417 collectis
481 3366 629 3431 disserit)·‚
651 3366 725 3418 idem
747 3366 821 3436 apud
843 3366 996 3420 Susemihl.
1022 3364 1187 3418 Gescticlre
1207 3363 1259 3416 der

187 3444 383 3514 griechischen
399 3447 556 3498 Litteratur
574 3445 602 3497 in
624 3444 676 3497 der
691 3445 969 3504 Ale.randriner·:cit,
989 3447 1025 3503 ll,
1043 3465 1070 3515 p.
1088 3446 1220 3495 480-481.

224 3526 249 3575 2.
267 3526 356 3576 lsocr.
375 3525 473 3594 Soph.,
494 3527 536 3576 16.
557 3526 600 3577 Cs.
620 3526 742 3594 Sauppe,
760 3545 787 3594 p.
806 3527 866 3577 410.
888 3527 1046 3577 Notandum
1068 3534 1112 3577 est
1132 3525 1160 3576 id
1181 3525 1257 3595 qnod

188 3604 219 3654 A.
239 3605 353 3656 Croiset
369 3606 565 3656 animadvertit
581 3625 586 3656 ;
606 3626 617 3653 a
635 3606 736 3657 Suit-il
748 3606 782 3657 de
799 3606 824 3656 la
835 3607 1020 3675 qu'lsocrate‚
1034 3605 1196 3657 adversaire
1208 3605 1258 3656 des

190 3685 337 3736 anciennes
362 3683 466 3757 τέχναι,
489 3686 556 3737 n'ait
580 3704 617 3754 pu
640 3690 655 3737 d
680 3703 732 3737 son
756 3696 822 3737 tour
846 3705 880 3737 en
905 3687 997 3738 ecrire
1021 3703 1075 3736 une
1098 3685 1256 3743 lui-meme,

189 3782 296 3816 comme
312 3783 347 3816 on
358 3765 384 3816 le
400 3765 441 3815 dit
457 3766 637 3835 quelquclois
651 3765 662 3814 l
678 3766 719 3815 En
733 3784 838 3817 aucune
852 3766 942 3830 lacon.
957 3765 1065 3824 Platon,
1079 3765 1127 3834 qui
1142 3764 1260 3816 blsmait

190 3845 265 3896 aussi
287 3844 312 3895 la
332 3844 430 3913 parole
451 3845 547 3903 e'crite.
572 3864 587 3896 a
609 3846 679 3896 ecrit
703 3855 780 3897 toute
802 3864 831 3896 sa
852 3847 904 3906 vie,
931 3846 1002 3896 mais
1025 3853 1183 3896 autrement
1205 3861 1259 3913 que

190 3943 257 3976 ceux
285 3925 353 3975 dont
380 3925 400 3975 il
428 3924 544 3976 blamait
571 3925 613 3975 les
641 3926 784 3976 discours.
814 3925 854 3977 La
879 3924 962 3998 τέχνη
991 3927 1160 3982 d'lsocrate,
1193 3943 1259 3974 ana-

189 4005 267 4074 lysce
292 4023 343 4072 par
365 4003 502 4062 Aristote,
528 4005 653 4056 dillcrait
677 4005 864 4057 evidemmcnt
886 4006 1033 4074 beaucoup
1058 4005 1092 4056 de
1115 4004 1186 4056 celle
1209 4004 1259 4054 des

188 4085 301 4136 enciens
317 4084 463 4154 sophistes
480 4085 619 4151 (Histoire
639 4084 675 4137 de
696 4084 724 4137 la
745 4085 908 4141 litterature
928 4103 1059 4161 grecque,
1083 4085 1130 4144 lv,
1152 4103 1180 4154 p.
1196 4085 1256 4143 502,

188 4183 214 4215 n.
236 4165 274 4230 9).

224 4245 249 4295 3.
267 4245 377 4304 Benoit,
394 4264 422 4314 p.
440 4245 483 4296 64.

224 4326 249 4376 4.
267 4325 360 4386 Brut,
378 4326 420 4386 12,
439 4326 488 4385 48;
504 4326 539 4380 cl.
558 4328 600 4388 12,
618 4328 661 4380 46.
