3062 5050
359 511 420 585 §a
443 545 475 553 —
495 529 599 570 cumen
618 530 783 570 noceamus
801 530 954 572 eicunoms
974 532 1103 572 enoenm
1229 517 1264 573 89

197 665 279 730 ssata
299 664 361 732 sed
375 673 490 732 tamen
505 687 594 731 nova
608 691 616 746 ;
633 664 743 754 ipsius
759 687 893 755 quoque
909 675 1117 734 momentum
1131 676 1265 735 tantum

196 780 231 846 in
254 779 388 847 faoetiis
413 790 446 847 et
472 779 702 870 permovendo
723 781 884 871 positum,
909 781 1019 871 ipsius
1046 784 1167 873 regula
1190 784 1264 851 veri

197 895 344 964 oratoris
356 920 398 962 ex
407 895 634 964 multitudinis
650 896 774 964 iudioio
790 896 1032 988 dignoscendi;
1047 897 1156 989 ipsius
1173 899 1264 967 deni·

197 1036 262 1103 que
278 1011 365 1079 ratio
385 1011 645 1103 disciplinarum
660 1013 787 1080 oratori
803 1012 1055 1081 discendarum.
1075 1018 1113 1082 ln
1126 1016 1262 1098 ceteris

197 1151 341 1219 quorum
373 1129 535 1218 pleraque
569 1127 705 1196 aliunde
742 1129 901 1218 sumpsit,
937 1129 1003 1196 etsi
1038 1130 1119 1220 quid
1154 1131 1265 1222 ipsius

197 1243 299 1310 luerit
313 1243 499 1311 diiudicare
515 1245 713 1336 plerumque
734 1267 801 1312 non
816 1268 1012 1335 possumne,
1030 1256 1145 1326 tamen
1160 1272 1265 1338 quae-

197 1359 340 1428 damah
363 1383 402 1427 eo
426 1360 548 1428 leviter
572 1361 752 1428 immutata
777 1370 810 1427 et
836 1371 990 1428 correcta
1014 1361 1231 1453 suspicamur
1255 1389 1262 1431 :
1357 1371 1358 1376 ’

197 1476 287 1568 quod
302 1476 376 1566 ipse
392 1476 446 1542 his
461 1476 577 1544 verbis
594 1476 781 1544 insinuavit
797 1477 912 1546 Catuli
928 1477 1077 1545 Antonio
1091 1478 1264 1569 gratulan-

195 1591 241 1659 tis
259 1593 267 1637 ¹
287 1617 294 1659 :
315 1619 331 1655 «
347 1596 418 1661 Neo
434 1592 523 1659 enim
542 1603 575 1660 te
595 1592 663 1661 ista
683 1592 842 1683 attigisse
859 1593 1065 1675 arbitrabar,
1084 1619 1171 1685 quae
1187 1595 1264 1662 dili-

199 1735 214 1770 «
237 1707 439 1798 gentissime
468 1731 637 1799 cognosse
668 1719 701 1776 et
730 1709 889 1797 undique
918 1711 1102 1800 collegisse
1131 1735 1263 1802 usuque

200 1851 215 1887 «
237 1823 386 1906 doctum,
412 1825 550 1912 partem
578 1825 784 1892 contexisse
815 1827 926 1906 vide0,
955 1825 1081 1916 partim
1110 1850 1264 1916 compro-

200 1967 216 2002 «
238 1941 417 2008 basse2».

234 2137 258 2187 l.
278 2137 353 2189 Haec
367 2136 496 2198 Catulus,
514 2138 679 2190 insecundo
695 2139 730 2190 de
747 2138 869 2190 Oratore
885 2139 969 2197 libro,
986 2139 1109 2192 Antonio
1122 2140 1170 2199 ait,
1187 2149 1264 2210 post·

198 2235 281 2286 quam
297 2217 322 2268 is
338 2226 424 2269 totam
440 2219 474 2270 de
490 2218 647 2270 inventione
664 2228 692 2270 et
705 2218 894 2289 dispositione
910 2219 1067 2270 doctrinam
1082 2221 1223 2289 exposuit.

234 2298 259 2347 2.
277 2297 318 2349 De
335 2297 397 2359 On,
416 2299 440 2360 2,
456 2300 498 2360 89,
517 2299 578 2350 362.
