<?xml version="1.0" encoding="UTF-8"?>
<!DOCTYPE html PUBLIC "-//W3C//DTD XHTML 1.0 Transitional//EN"
    "http://www.w3.org/TR/xhtml1/DTD/xhtml1-transitional.dtd">
<html xmlns="http://www.w3.org/1999/xhtml" xml:lang="en" lang="en">
 <head>
  <title>
</title>
<meta http-equiv="Content-Type" content="text/html;charset=utf-8" />
  <meta name='ocr-system' content='tesseract 3.04.00' />
  <meta name='ocr-capabilities' content='ocr_page ocr_carea ocr_par ocr_line ocrx_word'/>
</head>
<body>
  <div class='ocr_page' id='page_1' title='image "./demtulliciceron00laurgoog_0061.png"; bbox 0 0 3086 5040; ppageno 0'>
   <div class='ocr_carea' id='block_1_1' title="bbox 275 439 1203 509">
    <p class='ocr_par' dir='ltr' id='par_1_1' title="bbox 275 439 1203 509">
     <span class='ocr_line' id='line_1_1' title="bbox 275 439 1203 509; baseline -0.001 -9"><span class='ocrx_word' id='word_1_1' title='bbox 275 439 310 502; x_wconf 71' lang='grc'>34</span> <span class='ocrx_word' id='word_1_2' title='bbox 412 460 505 501; x_wconf 80' lang='lat' dir='ltr'>CAPUT</span> <span class='ocrx_word' id='word_1_3' title='bbox 523 458 554 499; x_wconf 88' lang='lat'>11.</span> <span class='ocrx_word' id='word_1_4' title='bbox 576 473 609 484; x_wconf 85' lang='grc'>-·</span> <span class='ocrx_word' id='word_1_5' title='bbox 629 458 697 509; x_wconf 84' lang='lat' dir='ltr'><strong>QUID</strong></span> <span class='ocrx_word' id='word_1_6' title='bbox 717 459 731 498; x_wconf 91' lang='grc'>((</span> <span class='ocrx_word' id='word_1_7' title='bbox 748 458 883 508; x_wconf 80' lang='lat' dir='ltr'>ANTIQUIS</span> <span class='ocrx_word' id='word_1_8' title='bbox 900 457 914 496; x_wconf 85' lang='lat' dir='ltr'>l)</span> <span class='ocrx_word' id='word_1_9' title='bbox 933 458 1036 499; x_wconf 78' lang='lat' dir='ltr'>CICERO</span> <span class='ocrx_word' id='word_1_10' title='bbox 1055 458 1203 500; x_wconf 81' lang='lat' dir='ltr'>DEBUERIT</span> 
     </span>
    </p>
   </div>
   <div class='ocr_carea' id='block_1_2' title="bbox 274 592 1342 2866">
    <p class='ocr_par' dir='ltr' id='par_1_2' title="bbox 275 592 1342 1844">
     <span class='ocr_line' id='line_1_2' title="bbox 277 592 1340 686; baseline -0.005 -24"><span class='ocrx_word' id='word_1_11' title='bbox 277 594 334 686; x_wconf 92' lang='lat' dir='ltr'>qui</span> <span class='ocrx_word' id='word_1_12' title='bbox 350 617 425 661; x_wconf 93' lang='lat' dir='ltr'>cum</span> <span class='ocrx_word' id='word_1_13' title='bbox 440 593 638 662; x_wconf 88' lang='lat' dir='ltr'>Aristotelis</span> <span class='ocrx_word' id='word_1_14' title='bbox 653 592 754 660; x_wconf 89' lang='lat' dir='ltr'>dictis</span> <span class='ocrx_word' id='word_1_15' title='bbox 771 592 1027 660; x_wconf 90' lang='lat' dir='ltr'>similitudinem</span> <span class='ocrx_word' id='word_1_16' title='bbox 1043 592 1191 683; x_wconf 83' lang='lat' dir='ltr'>aliquam</span> <span class='ocrx_word' id='word_1_17' title='bbox 1206 615 1288 682; x_wconf 91' lang='lat' dir='ltr'>prae</span> <span class='ocrx_word' id='word_1_18' title='bbox 1304 614 1340 658; x_wconf 88' lang='lat' dir='ltr'>se</span> 
     </span>
     <span class='ocr_line' id='line_1_3' title="bbox 276 707 1341 802; baseline -0.003 -25"><span class='ocrx_word' id='word_1_19' title='bbox 276 711 409 792; x_wconf 80' lang='lat' dir='ltr'>lerunt3</span> <span class='ocrx_word' id='word_1_20' title='bbox 427 733 468 777; x_wconf 85' lang='lat' dir='ltr'>ex</span> <span class='ocrx_word' id='word_1_21' title='bbox 482 708 525 776; x_wconf 93' lang='lat' dir='ltr'>iis</span> <span class='ocrx_word' id='word_1_22' title='bbox 540 709 626 802; x_wconf 90' lang='lat' dir='ltr'>ipsis</span> <span class='ocrx_word' id='word_1_23' title='bbox 642 708 739 776; x_wconf 90' lang='lat' dir='ltr'>multi</span> <span class='ocrx_word' id='word_1_24' title='bbox 753 718 937 799; x_wconf 89' lang='lat' dir='ltr'>potuerunt</span> <span class='ocrx_word' id='word_1_25' title='bbox 951 731 1018 777; x_wconf 95' lang='lat' dir='ltr'>non</span> <span class='ocrx_word' id='word_1_26' title='bbox 1034 731 1075 776; x_wconf 89' lang='lat' dir='ltr'>ex</span> <span class='ocrx_word' id='word_1_27' title='bbox 1089 707 1199 799; x_wconf 90' lang='lat' dir='ltr'>ipsius</span> <span class='ocrx_word' id='word_1_28' title='bbox 1211 707 1341 775; x_wconf 91' lang='lat' dir='ltr'>Aristo·</span> 
     </span>
     <span class='ocr_line' id='line_1_4' title="bbox 276 823 1341 915; baseline -0.006 -20"><span class='ocrx_word' id='word_1_29' title='bbox 276 826 355 895; x_wconf 88' lang='lat' dir='ltr'>telis</span> <span class='ocrx_word' id='word_1_30' title='bbox 369 825 467 894; x_wconf 91' lang='lat' dir='ltr'>libris</span> <span class='ocrx_word' id='word_1_31' title='bbox 487 825 616 893; x_wconf 91' lang='lat' dir='ltr'>hauriri</span> <span class='ocrx_word' id='word_1_32' title='bbox 635 825 696 892; x_wconf 88' lang='lat' dir='ltr'>sed</span> <span class='ocrx_word' id='word_1_33' title='bbox 717 849 758 891; x_wconf 88' lang='lat' dir='ltr'>ex</span> <span class='ocrx_word' id='word_1_34' title='bbox 779 825 876 892; x_wconf 87' lang='lat' dir='ltr'>libris</span> <span class='ocrx_word' id='word_1_35' title='bbox 896 825 1071 892; x_wconf 84' lang='lat' dir='ltr'>rhetorum</span> <span class='ocrx_word' id='word_1_36' title='bbox 1092 823 1149 915; x_wconf 93' lang='lat' dir='ltr'>qui</span> <span class='ocrx_word' id='word_1_37' title='bbox 1169 823 1284 914; x_wconf 91' lang='lat' dir='ltr'>aliqua</span> <span class='ocrx_word' id='word_1_38' title='bbox 1299 823 1341 889; x_wconf 94' lang='lat' dir='ltr'>ah</span> 
     </span>
     <span class='ocr_line' id='line_1_5' title="bbox 277 939 1342 1031; baseline -0.006 -21"><span class='ocrx_word' id='word_1_39' title='bbox 277 965 317 1010; x_wconf 89' lang='lat' dir='ltr'>eo</span> <span class='ocrx_word' id='word_1_40' title='bbox 336 941 481 1009; x_wconf 84' lang='lat' dir='ltr'>mutuati</span> <span class='ocrx_word' id='word_1_41' title='bbox 497 951 605 1008; x_wconf 90' lang='lat' dir='ltr'>erant.</span> <span class='ocrx_word' id='word_1_42' title='bbox 628 945 703 1008; x_wconf 93' lang='lat' dir='ltr'>Non</span> <span class='ocrx_word' id='word_1_43' title='bbox 725 940 760 1007; x_wconf 93' lang='lat' dir='ltr'>in</span> <span class='ocrx_word' id='word_1_44' title='bbox 775 941 932 1008; x_wconf 86' lang='lat' dir='ltr'>omnihus</span> <span class='ocrx_word' id='word_1_45' title='bbox 953 940 1108 1031; x_wconf 90' lang='lat' dir='ltr'>sequitur</span> <span class='ocrx_word' id='word_1_46' title='bbox 1122 939 1342 1008; x_wconf 76' lang='lat' dir='ltr'><strong>Aristotelem</strong></span> 
     </span>
     <span class='ocr_line' id='line_1_6' title="bbox 277 1055 1342 1147; baseline -0.006 -20"><span class='ocrx_word' id='word_1_47' title='bbox 277 1057 397 1127; x_wconf 88' lang='lat' dir='ltr'>Cicero</span> <span class='ocrx_word' id='word_1_48' title='bbox 414 1059 422 1103; x_wconf 86' lang='lat'>¹</span> <span class='ocrx_word' id='word_1_49' title='bbox 438 1083 445 1140; x_wconf 88' lang='lat'>;</span> <span class='ocrx_word' id='word_1_50' title='bbox 466 1057 569 1124; x_wconf 92' lang='lat' dir='ltr'>immo</span> <span class='ocrx_word' id='word_1_51' title='bbox 592 1055 622 1124; x_wconf 89' lang='lat' dir='ltr'>si</span> <span class='ocrx_word' id='word_1_52' title='bbox 642 1056 778 1147; x_wconf 92' lang='lat' dir='ltr'>quando</span> <span class='ocrx_word' id='word_1_53' title='bbox 798 1057 872 1124; x_wconf 92' lang='lat' dir='ltr'>eius</span> <span class='ocrx_word' id='word_1_54' title='bbox 890 1055 1051 1147; x_wconf 86' lang='lat' dir='ltr'>vestigiis</span> <span class='ocrx_word' id='word_1_55' title='bbox 1071 1055 1232 1123; x_wconf 76' lang='lat' dir='ltr'>insistere</span> <span class='ocrx_word' id='word_1_56' title='bbox 1246 1055 1342 1122; x_wconf 89' lang='lat' dir='ltr'>vide-</span> 
     </span>
     <span class='ocr_line' id='line_1_7' title="bbox 275 1170 1342 1264; baseline -0.006 -22"><span class='ocrx_word' id='word_1_57' title='bbox 275 1183 331 1242; x_wconf 89' lang='lat' dir='ltr'>tur</span> <span class='ocrx_word' id='word_1_58' title='bbox 353 1197 496 1264; x_wconf 89' lang='lat' dir='ltr'>eumque</span> <span class='ocrx_word' id='word_1_59' title='bbox 520 1181 691 1240; x_wconf 79' lang='lat' dir='ltr'>auctorem</span> <span class='ocrx_word' id='word_1_60' title='bbox 716 1172 854 1263; x_wconf 87' lang='lat' dir='ltr'>saepius</span> <span class='ocrx_word' id='word_1_61' title='bbox 886 1173 1047 1263; x_wconf 88' lang='lat' dir='ltr'>appellat,</span> <span class='ocrx_word' id='word_1_62' title='bbox 1071 1181 1143 1239; x_wconf 92' lang='lat' dir='ltr'>tum</span> <span class='ocrx_word' id='word_1_63' title='bbox 1170 1170 1342 1238; x_wconf 89' lang='lat' dir='ltr'>invenitur</span> 
     </span>
     <span class='ocr_line' id='line_1_8' title="bbox 276 1285 1341 1378; baseline -0.006 -21"><span class='ocrx_word' id='word_1_64' title='bbox 276 1290 349 1358; x_wconf 91' lang='lat' dir='ltr'>eius</span> <span class='ocrx_word' id='word_1_65' title='bbox 369 1289 558 1357; x_wconf 83' lang='lat' dir='ltr'>doctrinam</span> <span class='ocrx_word' id='word_1_66' title='bbox 580 1313 647 1356; x_wconf 94' lang='lat' dir='ltr'>non</span> <span class='ocrx_word' id='word_1_67' title='bbox 668 1311 803 1378; x_wconf 91' lang='lat' dir='ltr'>semper</span> <span class='ocrx_word' id='word_1_68' title='bbox 821 1287 1030 1355; x_wconf 90' lang='lat' dir='ltr'>intellexisse</span> <span class='ocrx_word' id='word_1_69' title='bbox 1050 1289 1081 1370; x_wconf 72' lang='grc'>2;</span> <span class='ocrx_word' id='word_1_70' title='bbox 1099 1287 1194 1355; x_wconf 88' lang='lat' dir='ltr'>velut</span> <span class='ocrx_word' id='word_1_71' title='bbox 1209 1310 1285 1354; x_wconf 88' lang='lat' dir='ltr'>cum</span> <span class='ocrx_word' id='word_1_72' title='bbox 1300 1285 1341 1352; x_wconf 93' lang='lat' dir='ltr'>de</span> 
     </span>
     <span class='ocr_line' id='line_1_9' title="bbox 275 1402 1341 1498; baseline -0.004 -25"><span class='ocrx_word' id='word_1_73' title='bbox 275 1405 426 1473; x_wconf 90' lang='lat' dir='ltr'>numeris</span> <span class='ocrx_word' id='word_1_74' title='bbox 441 1405 653 1496; x_wconf 88' lang='lat' dir='ltr'>pedibusque</span> <span class='ocrx_word' id='word_1_75' title='bbox 674 1404 827 1487; x_wconf 85' lang='lat' dir='ltr'>disserit,</span> <span class='ocrx_word' id='word_1_76' title='bbox 849 1429 891 1472; x_wconf 89' lang='lat' dir='ltr'>ne</span> <span class='ocrx_word' id='word_1_77' title='bbox 911 1403 1081 1498; x_wconf 82' lang='lat' dir='ltr'>intellegit</span> <span class='ocrx_word' id='word_1_78' title='bbox 1101 1403 1238 1494; x_wconf 92' lang='lat' dir='ltr'>quidem</span> <span class='ocrx_word' id='word_1_79' title='bbox 1259 1402 1341 1494; x_wconf 92' lang='lat' dir='ltr'>quid</span> 
     </span>
     <span class='ocr_line' id='line_1_10' title="bbox 276 1517 1341 1612; baseline -0.004 -23"><span class='ocrx_word' id='word_1_80' title='bbox 276 1521 366 1612; x_wconf 91' lang='lat' dir='ltr'>apud</span> <span class='ocrx_word' id='word_1_81' title='bbox 387 1521 607 1589; x_wconf 87' lang='lat' dir='ltr'>Aristotelem</span> <span class='ocrx_word' id='word_1_82' title='bbox 626 1543 694 1588; x_wconf 86' lang='lat' dir='ltr'>vox</span> <span class='ocrx_word' id='word_1_83' title='bbox 713 1521 906 1588; x_wconf 85' lang='lat' dir='ltr'>trocleaei³</span> <span class='ocrx_word' id='word_1_84' title='bbox 926 1519 1108 1610; x_wconf 83' lang='lat' dir='ltr'>significet.</span> <span class='ocrx_word' id='word_1_85' title='bbox 1133 1522 1251 1609; x_wconf 91' lang='lat' dir='ltr'>ltaque</span> <span class='ocrx_word' id='word_1_86' title='bbox 1272 1517 1341 1586; x_wconf 93' lang='lat' dir='ltr'>sin-</span> 
     </span>
     <span class='ocr_line' id='line_1_11' title="bbox 277 1634 1342 1728; baseline -0.004 -24"><span class='ocrx_word' id='word_1_87' title='bbox 277 1639 358 1728; x_wconf 89' lang='lat' dir='ltr'>gula</span> <span class='ocrx_word' id='word_1_88' title='bbox 372 1647 555 1728; x_wconf 90' lang='lat' dir='ltr'>praccepta</span> <span class='ocrx_word' id='word_1_89' title='bbox 570 1636 790 1727; x_wconf 86' lang='lat' dir='ltr'>persequenti</span> <span class='ocrx_word' id='word_1_90' title='bbox 801 1635 938 1704; x_wconf 90' lang='lat' dir='ltr'>videtur</span> <span class='ocrx_word' id='word_1_91' title='bbox 948 1635 1069 1705; x_wconf 86' lang='lat' dir='ltr'>Cicero</span> <span class='ocrx_word' id='word_1_92' title='bbox 1080 1635 1123 1702; x_wconf 94' lang='lat' dir='ltr'>ah</span> <span class='ocrx_word' id='word_1_93' title='bbox 1134 1634 1342 1702; x_wconf 90' lang='lat' dir='ltr'>Aristotelea</span> 
     </span>
     <span class='ocr_line' id='line_1_12' title="bbox 276 1753 719 1844; baseline -0.007 -23"><span class='ocrx_word' id='word_1_94' title='bbox 276 1753 430 1822; x_wconf 92' lang='lat' dir='ltr'>doctrina</span> <span class='ocrx_word' id='word_1_95' title='bbox 449 1777 554 1844; x_wconf 90' lang='lat' dir='ltr'>prope</span> <span class='ocrx_word' id='word_1_96' title='bbox 575 1753 719 1819; x_wconf 90' lang='lat' dir='ltr'>alienus.</span> 
     </span>
    </p>

    <p class='ocr_par' dir='ltr' id='par_1_3' title="bbox 275 1867 1341 2425">
     <span class='ocr_line' id='line_1_13' title="bbox 321 1867 1341 1962; baseline -0.005 -24"><span class='ocrx_word' id='word_1_97' title='bbox 321 1871 367 1938; x_wconf 93' lang='lat' dir='ltr'>At</span> <span class='ocrx_word' id='word_1_98' title='bbox 392 1893 459 1937; x_wconf 93' lang='lat' dir='ltr'>non</span> <span class='ocrx_word' id='word_1_99' title='bbox 484 1869 622 1959; x_wconf 87' lang='lat' dir='ltr'>singula</span> <span class='ocrx_word' id='word_1_100' title='bbox 646 1878 830 1962; x_wconf 88' lang='lat' dir='ltr'>praecepta</span> <span class='ocrx_word' id='word_1_101' title='bbox 859 1891 895 1935; x_wconf 91' lang='lat' dir='ltr'>se</span> <span class='ocrx_word' id='word_1_102' title='bbox 925 1892 966 1935; x_wconf 87' lang='lat' dir='ltr'>ex</span> <span class='ocrx_word' id='word_1_103' title='bbox 995 1867 1181 1935; x_wconf 86' lang='lat' dir='ltr'>Aristotele</span> <span class='ocrx_word' id='word_1_104' title='bbox 1208 1889 1341 1933; x_wconf 90' lang='lat' dir='ltr'>sumere</span> 
     </span>
     <span class='ocr_line' id='line_1_14' title="bbox 275 1983 1340 2075; baseline -0.006 -20"><span class='ocrx_word' id='word_1_105' title='bbox 275 1986 377 2070; x_wconf 82' lang='lat' dir='ltr'>dicit3</span> <span class='ocrx_word' id='word_1_106' title='bbox 402 2014 418 2050; x_wconf 80' lang='grc' dir='ltr'>ι(</span> <span class='ocrx_word' id='word_1_107' title='bbox 442 1987 619 2052; x_wconf 85' lang='lat' dir='ltr'>rationem</span> <span class='ocrx_word' id='word_1_108' title='bbox 648 2012 664 2048; x_wconf 80' lang='lat' dir='ltr'>u</span> <span class='ocrx_word' id='word_1_109' title='bbox 689 1985 838 2075; x_wconf 93' lang='lat' dir='ltr'>aliquam</span> <span class='ocrx_word' id='word_1_110' title='bbox 858 1983 1040 2051; x_wconf 91' lang='lat' dir='ltr'>oratoriam</span> <span class='ocrx_word' id='word_1_111' title='bbox 1061 1993 1100 2050; x_wconf 93' lang='lat' dir='ltr'>ut</span> <span class='ocrx_word' id='word_1_112' title='bbox 1124 1983 1166 2050; x_wconf 93' lang='lat' dir='ltr'>ah</span> <span class='ocrx_word' id='word_1_113' title='bbox 1190 1985 1340 2049; x_wconf 86' lang='lat' dir='ltr'>Isocrate</span> 
     </span>
     <span class='ocr_line' id='line_1_15' title="bbox 276 2077 1341 2194; baseline -0.007 -24"><span class='ocrx_word' id='word_1_114' title='bbox 276 2103 325 2170; x_wconf 90' lang='lat' dir='ltr'>sie</span> <span class='ocrx_word' id='word_1_115' title='bbox 345 2126 478 2194; x_wconf 93' lang='lat' dir='ltr'>quoque</span> <span class='ocrx_word' id='word_1_116' title='bbox 500 2101 542 2168; x_wconf 94' lang='lat' dir='ltr'>ah</span> <span class='ocrx_word' id='word_1_117' title='bbox 562 2100 747 2167; x_wconf 90' lang='lat' dir='ltr'>Aristotele</span> <span class='ocrx_word' id='word_1_118' title='bbox 767 2099 916 2166; x_wconf 90' lang='lat' dir='ltr'>mutuari</span> <span class='ocrx_word' id='word_1_119' title='bbox 935 2099 1054 2180; x_wconf 80' lang='lat' dir='ltr'>voluit,</span> <span class='ocrx_word' id='word_1_120' title='bbox 1078 2077 1281 2189; x_wconf 90' lang='lat' dir='ltr'>proprioque</span> <span class='ocrx_word' id='word_1_121' title='bbox 1302 2120 1341 2164; x_wconf 92' lang='lat' dir='ltr'>ac</span> 
     </span>
     <span class='ocr_line' id='line_1_16' title="bbox 276 2214 1340 2307; baseline -0.006 -21"><span class='ocrx_word' id='word_1_122' title='bbox 276 2242 337 2286; x_wconf 88' lang='lat' dir='ltr'>suo</span> <span class='ocrx_word' id='word_1_123' title='bbox 366 2217 465 2285; x_wconf 93' lang='lat' dir='ltr'>modo</span> <span class='ocrx_word' id='word_1_124' title='bbox 490 2240 529 2284; x_wconf 93' lang='lat' dir='ltr'>ea</span> <span class='ocrx_word' id='word_1_125' title='bbox 554 2240 641 2307; x_wconf 91' lang='lat' dir='ltr'>quae</span> <span class='ocrx_word' id='word_1_126' title='bbox 667 2215 756 2306; x_wconf 94' lang='lat' dir='ltr'>apud</span> <span class='ocrx_word' id='word_1_127' title='bbox 781 2215 1003 2284; x_wconf 87' lang='lat' dir='ltr'>Aristotelem</span> <span class='ocrx_word' id='word_1_128' title='bbox 1023 2214 1340 2282; x_wconf 78' lang='lat' dir='ltr'>commemoratione</span> 
     </span>
     <span class='ocr_line' id='line_1_17' title="bbox 276 2333 846 2425; baseline -0.004 -25"><span class='ocrx_word' id='word_1_129' title='bbox 276 2333 434 2425; x_wconf 86' lang='lat' dir='ltr'>digniora</span> <span class='ocrx_word' id='word_1_130' title='bbox 448 2334 627 2400; x_wconf 90' lang='lat' dir='ltr'>invenerat</span> <span class='ocrx_word' id='word_1_131' title='bbox 646 2355 846 2423; x_wconf 91' lang='lat' dir='ltr'>proponere.</span> 
     </span>
    </p>

    <p class='ocr_par' dir='ltr' id='par_1_4' title="bbox 274 2443 1341 2866">
     <span class='ocr_line' id='line_1_18' title="bbox 320 2443 1341 2538; baseline -0.007 -21"><span class='ocrx_word' id='word_1_132' title='bbox 320 2453 406 2517; x_wconf 93' lang='lat' dir='ltr'>Nam</span> <span class='ocrx_word' id='word_1_133' title='bbox 426 2473 503 2516; x_wconf 91' lang='lat' dir='ltr'>cum</span> <span class='ocrx_word' id='word_1_134' title='bbox 527 2459 635 2516; x_wconf 88' lang='lat' dir='ltr'>artem</span> <span class='ocrx_word' id='word_1_135' title='bbox 657 2447 791 2514; x_wconf 91' lang='lat' dir='ltr'>dicendi</span> <span class='ocrx_word' id='word_1_136' title='bbox 813 2447 1027 2538; x_wconf 93' lang='lat' dir='ltr'>philosophia</span> <span class='ocrx_word' id='word_1_137' title='bbox 1050 2446 1111 2513; x_wconf 92' lang='lat' dir='ltr'>niti</span> <span class='ocrx_word' id='word_1_138' title='bbox 1132 2446 1281 2526; x_wconf 85' lang='lat' dir='ltr'>volebat,</span> <span class='ocrx_word' id='word_1_139' title='bbox 1306 2443 1341 2510; x_wconf 93' lang='lat' dir='ltr'>in</span> 
     </span>
     <span class='ocr_line' id='line_1_19' title="bbox 274 2561 1341 2654; baseline -0.007 -21"><span class='ocrx_word' id='word_1_140' title='bbox 274 2566 337 2633; x_wconf 93' lang='lat' dir='ltr'>hoc</span> <span class='ocrx_word' id='word_1_141' title='bbox 353 2589 429 2632; x_wconf 91' lang='lat' dir='ltr'>cum</span> <span class='ocrx_word' id='word_1_142' title='bbox 444 2564 629 2632; x_wconf 89' lang='lat' dir='ltr'>Aristotele</span> <span class='ocrx_word' id='word_1_143' title='bbox 646 2562 901 2645; x_wconf 87' lang='lat' dir='ltr'>consentiebat;</span> <span class='ocrx_word' id='word_1_144' title='bbox 919 2563 1035 2654; x_wconf 91' lang='lat' dir='ltr'>itaque</span> <span class='ocrx_word' id='word_1_145' title='bbox 1051 2561 1155 2630; x_wconf 93' lang='lat' dir='ltr'>etiam</span> <span class='ocrx_word' id='word_1_146' title='bbox 1170 2561 1243 2628; x_wconf 88' lang='lat' dir='ltr'>eius</span> <span class='ocrx_word' id='word_1_147' title='bbox 1260 2583 1341 2628; x_wconf 88' lang='lat' dir='ltr'>auc-</span> 
     </span>
     <span class='ocr_line' id='line_1_20' title="bbox 274 2670 1341 2749; baseline -0.006 -1"><span class='ocrx_word' id='word_1_148' title='bbox 274 2681 412 2749; x_wconf 88' lang='lat' dir='ltr'>toritate</span> <span class='ocrx_word' id='word_1_149' title='bbox 440 2681 547 2748; x_wconf 90' lang='lat' dir='ltr'>utitur</span> <span class='ocrx_word' id='word_1_150' title='bbox 575 2690 613 2747; x_wconf 85' lang='lat' dir='ltr'>ut</span> <span class='ocrx_word' id='word_1_151' title='bbox 641 2678 854 2746; x_wconf 87' lang='lat' dir='ltr'>dialecticam</span> <span class='ocrx_word' id='word_1_152' title='bbox 882 2678 1076 2746; x_wconf 93' lang='lat' dir='ltr'>oratoribus</span> <span class='ocrx_word' id='word_1_153' title='bbox 1109 2670 1341 2745; x_wconf 79' lang='lat' dir='ltr'>necessariam</span> 
     </span>
     <span class='ocr_line' id='line_1_21' title="bbox 275 2798 589 2866; baseline -0.003 -2"><span class='ocrx_word' id='word_1_154' title='bbox 275 2821 352 2866; x_wconf 89' lang='lat' dir='ltr'>esse</span> <span class='ocrx_word' id='word_1_155' title='bbox 368 2798 589 2865; x_wconf 90' lang='lat' dir='ltr'>demonstret.</span> 
     </span>
    </p>
   </div>
   <div class='ocr_carea' id='block_1_3' title="bbox 275 2936 1341 3112">
    <p class='ocr_par' dir='ltr' id='par_1_5' title="bbox 275 2936 1341 3112">
     <span class='ocr_line' id='line_1_22' title="bbox 315 2936 1340 3022; baseline -0.007 -21"><span class='ocrx_word' id='word_1_156' title='bbox 315 2939 504 3002; x_wconf 88' lang='lat' dir='ltr'>Aristoteles</span> <span class='ocrx_word' id='word_1_157' title='bbox 528 2938 685 3022; x_wconf 90' lang='lat' dir='ltr'>principio</span> <span class='ocrx_word' id='word_1_158' title='bbox 710 2937 788 2999; x_wconf 89' lang='lat' dir='ltr'>artis</span> <span class='ocrx_word' id='word_1_159' title='bbox 812 2936 989 2999; x_wconf 84' lang='lat' dir='ltr'>rhetoricae</span> <span class='ocrx_word' id='word_1_160' title='bbox 1018 2937 1095 2999; x_wconf 92' lang='lat' dir='ltr'>dicit</span> <span class='ocrx_word' id='word_1_161' title='bbox 1123 2937 1210 2998; x_wconf 92' lang='lat' dir='ltr'>illam</span> <span class='ocrx_word' id='word_1_162' title='bbox 1236 2943 1340 2997; x_wconf 89' lang='lat' dir='ltr'>artem</span> 
     </span>
     <span class='ocr_line' id='line_1_23' title="bbox 275 3024 1341 3112; baseline -0.007 -21"><span class='ocrx_word' id='word_1_163' title='bbox 275 3029 366 3112; x_wconf 92' lang='lat' dir='ltr'>quasi</span> <span class='ocrx_word' id='word_1_164' title='bbox 381 3031 421 3091; x_wconf 82' lang='lat' dir='ltr'>ex</span> <span class='ocrx_word' id='word_1_165' title='bbox 435 3028 536 3090; x_wconf 90' lang='lat' dir='ltr'>altera</span> <span class='ocrx_word' id='word_1_166' title='bbox 550 3038 641 3111; x_wconf 91' lang='lat' dir='ltr'>parte</span> <span class='ocrx_word' id='word_1_167' title='bbox 657 3027 851 3109; x_wconf 89' lang='lat' dir='ltr'>respondere</span> <span class='ocrx_word' id='word_1_168' title='bbox 866 3025 1062 3102; x_wconf 68' lang='lat' dir='ltr'>dialecticae,</span> <span class='ocrx_word' id='word_1_169' title='bbox 1075 3035 1110 3087; x_wconf 87' lang='lat' dir='ltr'>ut</span> <span class='ocrx_word' id='word_1_170' title='bbox 1120 3027 1181 3087; x_wconf 92' lang='lat' dir='ltr'>hoc</span> <span class='ocrx_word' id='word_1_171' title='bbox 1190 3024 1341 3087; x_wconf 84' lang='lat' dir='ltr'>videlieet</span> 
     </span>
    </p>
   </div>
   <div class='ocr_carea' id='block_1_4' title="bbox 274 3169 1342 4434">
    <p class='ocr_par' dir='ltr' id='par_1_6' title="bbox 275 3169 1340 3480">
     <span class='ocr_line' id='line_1_24' title="bbox 275 3169 1339 3241; baseline -0.004 -18"><span class='ocrx_word' id='word_1_172' title='bbox 275 3172 514 3241; x_wconf 89' lang='lat' dir='ltr'>comparationem</span> <span class='ocrx_word' id='word_1_173' title='bbox 529 3171 603 3223; x_wconf 90' lang='lat' dir='ltr'>idem</span> <span class='ocrx_word' id='word_1_174' title='bbox 618 3171 743 3240; x_wconf 89' lang='lat' dir='ltr'>scriptor</span> <span class='ocrx_word' id='word_1_175' title='bbox 757 3178 926 3239; x_wconf 89' lang='lat' dir='ltr'>persecutus</span> <span class='ocrx_word' id='word_1_176' title='bbox 943 3179 986 3221; x_wconf 92' lang='lat' dir='ltr'>est</span> <span class='ocrx_word' id='word_1_177' title='bbox 1001 3169 1030 3220; x_wconf 92' lang='lat' dir='ltr'>iu</span> <span class='ocrx_word' id='word_1_178' title='bbox 1044 3169 1155 3221; x_wconf 90' lang='lat' dir='ltr'>duabus</span> <span class='ocrx_word' id='word_1_179' title='bbox 1170 3177 1339 3220; x_wconf 89' lang='lat' dir='ltr'>commenta-</span> 
     </span>
     <span class='ocr_line' id='line_1_25' title="bbox 275 3247 1340 3321; baseline -0.005 -18"><span class='ocrx_word' id='word_1_180' title='bbox 275 3251 401 3303; x_wconf 90' lang='lat' dir='ltr'>tionibus</span> <span class='ocrx_word' id='word_1_181' title='bbox 421 3269 492 3321; x_wconf 89' lang='lat' dir='ltr'>quae</span> <span class='ocrx_word' id='word_1_182' title='bbox 511 3249 706 3302; x_wconf 89' lang='lat' dir='ltr'>inscribuntur</span> <span class='ocrx_word' id='word_1_183' title='bbox 726 3269 731 3300; x_wconf 91' lang='lat'>:</span> <span class='ocrx_word' id='word_1_184' title='bbox 751 3251 792 3302; x_wconf 87' lang='lat' dir='ltr'>De</span> <span class='ocrx_word' id='word_1_185' title='bbox 809 3248 963 3302; x_wconf 82' lang='lat' dir='ltr'>Aristotele</span> <span class='ocrx_word' id='word_1_186' title='bbox 986 3249 1127 3302; x_wconf 82' lang='lat' dir='ltr'>Ciceronis</span> <span class='ocrx_word' id='word_1_187' title='bbox 1149 3249 1177 3302; x_wconf 90' lang='lat' dir='ltr'>in</span> <span class='ocrx_word' id='word_1_188' title='bbox 1197 3247 1340 3300; x_wconf 82' lang='lat' dir='ltr'>rhetorica</span> 
     </span>
     <span class='ocr_line' id='line_1_26' title="bbox 275 3328 1340 3400; baseline -0.004 -18"><span class='ocrx_word' id='word_1_189' title='bbox 275 3339 398 3384; x_wconf 87' lang='lat' dir='ltr'>auctore.</span> <span class='ocrx_word' id='word_1_190' title='bbox 418 3330 497 3382; x_wconf 93' lang='lat' dir='ltr'>Nihil</span> <span class='ocrx_word' id='word_1_191' title='bbox 511 3348 578 3383; x_wconf 86' lang='lat' dir='ltr'>vero</span> <span class='ocrx_word' id='word_1_192' title='bbox 593 3329 715 3400; x_wconf 79' lang='lat' dir='ltr'>proiecit</span> <span class='ocrx_word' id='word_1_193' title='bbox 730 3329 909 3398; x_wconf 82' lang='lat' dir='ltr'>Angermann</span> <span class='ocrx_word' id='word_1_194' title='bbox 928 3347 990 3380; x_wconf 92' lang='lat' dir='ltr'>cum</span> <span class='ocrx_word' id='word_1_195' title='bbox 1010 3348 1101 3399; x_wconf 89' lang='lat' dir='ltr'>nuper</span> <span class='ocrx_word' id='word_1_196' title='bbox 1116 3347 1177 3381; x_wconf 88' lang='lat' dir='ltr'>eam</span> <span class='ocrx_word' id='word_1_197' title='bbox 1193 3328 1340 3398; x_wconf 90' lang='lat' dir='ltr'>quaestio-</span> 
     </span>
     <span class='ocr_line' id='line_1_27' title="bbox 275 3408 1123 3480; baseline -0.002 -18"><span class='ocrx_word' id='word_1_198' title='bbox 275 3429 337 3463; x_wconf 92' lang='lat' dir='ltr'>nem</span> <span class='ocrx_word' id='word_1_199' title='bbox 354 3411 448 3480; x_wconf 84' lang='lat' dir='ltr'>attigit</span> <span class='ocrx_word' id='word_1_200' title='bbox 462 3412 515 3478; x_wconf 88' lang='lat' dir='ltr'>(De</span> <span class='ocrx_word' id='word_1_201' title='bbox 527 3409 682 3462; x_wconf 82' lang='lat' dir='ltr'>Aristotele</span> <span class='ocrx_word' id='word_1_202' title='bbox 695 3408 839 3462; x_wconf 77' lang='lat' dir='ltr'>rhetorum</span> <span class='ocrx_word' id='word_1_203' title='bbox 854 3417 979 3469; x_wconf 84' lang='lat' dir='ltr'>auctore,</span> <span class='ocrx_word' id='word_1_204' title='bbox 995 3428 1023 3478; x_wconf 89' lang='lat' dir='ltr'>p.</span> <span class='ocrx_word' id='word_1_205' title='bbox 1041 3411 1123 3478; x_wconf 83' lang='lat'>1-11).</span> 
     </span>
    </p>

    <p class='ocr_par' dir='ltr' id='par_1_7' title="bbox 274 3486 1342 3644">
     <span class='ocr_line' id='line_1_28' title="bbox 310 3486 1342 3564; baseline -0.002 -24"><span class='ocrx_word' id='word_1_206' title='bbox 310 3492 335 3542; x_wconf 87' lang='lat'>1.</span> <span class='ocrx_word' id='word_1_207' title='bbox 350 3490 392 3543; x_wconf 83' lang='lat' dir='ltr'>Cl.</span> <span class='ocrx_word' id='word_1_208' title='bbox 410 3491 550 3551; x_wconf 83' lang='lat' dir='ltr'>Boutoux,</span> <span class='ocrx_word' id='word_1_209' title='bbox 567 3488 732 3541; x_wconf 86' lang='lat' dir='ltr'>Aristotelis</span> <span class='ocrx_word' id='word_1_210' title='bbox 748 3497 775 3540; x_wconf 90' lang='lat' dir='ltr'>et</span> <span class='ocrx_word' id='word_1_211' title='bbox 793 3488 935 3541; x_wconf 82' lang='lat' dir='ltr'>Ciceronis</span> <span class='ocrx_word' id='word_1_212' title='bbox 945 3487 1089 3564; x_wconf 85' lang='lat' dir='ltr'>principia</span> <span class='ocrx_word' id='word_1_213' title='bbox 1108 3486 1250 3542; x_wconf 86' lang='lat' dir='ltr'>rhetorica</span> <span class='ocrx_word' id='word_1_214' title='bbox 1267 3486 1342 3539; x_wconf 85' lang='lat' dir='ltr'>inter</span> 
     </span>
     <span class='ocr_line' id='line_1_29' title="bbox 274 3569 722 3644; baseline -0.007 -22"><span class='ocrx_word' id='word_1_215' title='bbox 274 3589 305 3624; x_wconf 88' lang='lat' dir='ltr'>se</span> <span class='ocrx_word' id='word_1_216' title='bbox 320 3576 495 3644; x_wconf 85' lang='lat' dir='ltr'>comparata,</span> <span class='ocrx_word' id='word_1_217' title='bbox 513 3589 541 3639; x_wconf 91' lang='lat' dir='ltr'>p.</span> <span class='ocrx_word' id='word_1_218' title='bbox 556 3571 599 3629; x_wconf 87' lang='lat'>37,</span> <span class='ocrx_word' id='word_1_219' title='bbox 618 3570 661 3629; x_wconf 84' lang='lat'>38,</span> <span class='ocrx_word' id='word_1_220' title='bbox 679 3569 722 3624; x_wconf 85' lang='lat'>43.</span> 
     </span>
    </p>

    <p class='ocr_par' dir='ltr' id='par_1_8' title="bbox 274 3645 1341 3878">
     <span class='ocr_line' id='line_1_30' title="bbox 310 3645 1340 3708; baseline -0.002 -8"><span class='ocrx_word' id='word_1_221' title='bbox 310 3651 335 3700; x_wconf 80' lang='lat'>2.</span> <span class='ocrx_word' id='word_1_222' title='bbox 353 3649 523 3701; x_wconf 84' lang='lat' dir='ltr'>Praesertim</span> <span class='ocrx_word' id='word_1_223' title='bbox 544 3649 572 3699; x_wconf 92' lang='lat' dir='ltr'>in</span> <span class='ocrx_word' id='word_1_224' title='bbox 591 3647 676 3699; x_wconf 87' lang='lat' dir='ltr'>libris</span> <span class='ocrx_word' id='word_1_225' title='bbox 693 3649 728 3699; x_wconf 89' lang='lat' dir='ltr'>de</span> <span class='ocrx_word' id='word_1_226' title='bbox 748 3648 928 3706; x_wconf 89' lang='lat' dir='ltr'>Inventione;</span> <span class='ocrx_word' id='word_1_227' title='bbox 950 3648 984 3699; x_wconf 87' lang='lat' dir='ltr'>cl.</span> <span class='ocrx_word' id='word_1_228' title='bbox 1008 3648 1111 3708; x_wconf 87' lang='lat' dir='ltr'>Bader,</span> <span class='ocrx_word' id='word_1_229' title='bbox 1132 3649 1173 3700; x_wconf 88' lang='lat' dir='ltr'>De</span> <span class='ocrx_word' id='word_1_230' title='bbox 1197 3645 1340 3698; x_wconf 81' lang='lat' dir='ltr'>Ciceronis</span> 
     </span>
     <span class='ocr_line' id='line_1_31' title="bbox 274 3724 1341 3796; baseline -0.004 -15"><span class='ocrx_word' id='word_1_231' title='bbox 274 3728 478 3781; x_wconf 83' lang='lat' dir='ltr'>rhetoricorum</span> <span class='ocrx_word' id='word_1_232' title='bbox 502 3727 591 3787; x_wconf 83' lang='lat' dir='ltr'>libris,</span> <span class='ocrx_word' id='word_1_233' title='bbox 616 3747 644 3796; x_wconf 90' lang='lat' dir='ltr'>p.</span> <span class='ocrx_word' id='word_1_234' title='bbox 670 3728 739 3787; x_wconf 81' lang='lat'>2-5;</span> <span class='ocrx_word' id='word_1_235' title='bbox 761 3728 796 3779; x_wconf 91' lang='lat' dir='ltr'>de</span> <span class='ocrx_word' id='word_1_236' title='bbox 818 3727 922 3779; x_wconf 89' lang='lat' dir='ltr'>ceteris</span> <span class='ocrx_word' id='word_1_237' title='bbox 949 3728 984 3778; x_wconf 86' lang='lat' dir='ltr'>cl.</span> <span class='ocrx_word' id='word_1_238' title='bbox 1011 3727 1129 3788; x_wconf 86' lang='lat' dir='ltr'>Thurot,</span> <span class='ocrx_word' id='word_1_239' title='bbox 1154 3724 1264 3778; x_wconf 87' lang='lat' dir='ltr'>Etndes</span> <span class='ocrx_word' id='word_1_240' title='bbox 1288 3743 1341 3778; x_wconf 84' lang='lat' dir='ltr'>sur</span> 
     </span>
     <span class='ocr_line' id='line_1_32' title="bbox 274 3801 1265 3878; baseline -0.002 -18"><span class='ocrx_word' id='word_1_241' title='bbox 274 3807 408 3868; x_wconf 77' lang='lat' dir='ltr'>Aristote,</span> <span class='ocrx_word' id='word_1_242' title='bbox 427 3827 455 3878; x_wconf 90' lang='lat' dir='ltr'>p.</span> <span class='ocrx_word' id='word_1_243' title='bbox 473 3809 603 3860; x_wconf 77' lang='lat' dir='ltr'>too-276.</span> <span class='ocrx_word' id='word_1_244' title='bbox 1263 3801 1265 3808; x_wconf 53' lang='lat'><strong>⁴</strong></span> 
     </span>
    </p>

    <p class='ocr_par' dir='ltr' id='par_1_9' title="bbox 274 3884 1340 4434">
     <span class='ocr_line' id='line_1_33' title="bbox 310 3884 1340 3961; baseline -0.003 -22"><span class='ocrx_word' id='word_1_245' title='bbox 310 3889 335 3939; x_wconf 90' lang='lat'>3.</span> <span class='ocrx_word' id='word_1_246' title='bbox 352 3889 486 3961; x_wconf 81' lang='grc' dir='ltr'>Τροχαῖον</span> <span class='ocrx_word' id='word_1_247' title='bbox 504 3887 592 3939; x_wconf 90' lang='lat' dir='ltr'>idest</span> <span class='ocrx_word' id='word_1_248' title='bbox 612 3886 756 3947; x_wconf 88' lang='lat' dir='ltr'>choreum,</span> <span class='ocrx_word' id='word_1_249' title='bbox 774 3904 789 3939; x_wconf 89' lang='lat' dir='ltr'>e</span> <span class='ocrx_word' id='word_1_250' title='bbox 807 3887 892 3956; x_wconf 85' lang='lat' dir='ltr'>longa</span> <span class='ocrx_word' id='word_1_251' title='bbox 909 3896 937 3939; x_wconf 90' lang='lat' dir='ltr'>et</span> <span class='ocrx_word' id='word_1_252' title='bbox 954 3886 1032 3939; x_wconf 90' lang='lat' dir='ltr'>brevi</span> <span class='ocrx_word' id='word_1_253' title='bbox 1051 3887 1082 3954; x_wconf 79' lang='lat'>(‘</span> <span class='ocrx_word' id='word_1_254' title='bbox 1096 3887 1118 3954; x_wconf 74' lang='grc' dir='ltr'>υ)</span> <span class='ocrx_word' id='word_1_255' title='bbox 1133 3886 1168 3938; x_wconf 88' lang='lat' dir='ltr'>de</span> <span class='ocrx_word' id='word_1_256' title='bbox 1183 3903 1239 3956; x_wconf 92' lang='lat' dir='ltr'>quo</span> <span class='ocrx_word' id='word_1_257' title='bbox 1255 3884 1340 3937; x_wconf 87' lang='lat' dir='ltr'>Aris·</span> 
     </span>
     <span class='ocr_line' id='line_1_34' title="bbox 275 3964 1340 4036; baseline 0 -19"><span class='ocrx_word' id='word_1_258' title='bbox 275 3967 377 4019; x_wconf 88' lang='lat' dir='ltr'>toteles</span> <span class='ocrx_word' id='word_1_259' title='bbox 392 3967 421 4018; x_wconf 91' lang='lat' dir='ltr'>in</span> <span class='ocrx_word' id='word_1_260' title='bbox 432 3967 584 4018; x_wconf 90' lang='lat' dir='ltr'>Rhetorica</span> <span class='ocrx_word' id='word_1_261' title='bbox 594 3967 632 4033; x_wconf 79' lang='lat'>(3,</span> <span class='ocrx_word' id='word_1_262' title='bbox 645 3968 670 4026; x_wconf 88' lang='lat'>8,</span> <span class='ocrx_word' id='word_1_263' title='bbox 686 3968 713 4032; x_wconf 76' lang='lat'>4)</span> <span class='ocrx_word' id='word_1_264' title='bbox 725 3966 851 4036; x_wconf 89' lang='lat' dir='ltr'>scripsit,</span> <span class='ocrx_word' id='word_1_265' title='bbox 864 3975 944 4036; x_wconf 88' lang='lat' dir='ltr'>putat</span> <span class='ocrx_word' id='word_1_266' title='bbox 957 3967 1059 4019; x_wconf 90' lang='lat' dir='ltr'>Cicero</span> <span class='ocrx_word' id='word_1_267' title='bbox 1070 3984 1085 4018; x_wconf 91' lang='lat' dir='ltr'>e</span> <span class='ocrx_word' id='word_1_268' title='bbox 1096 3965 1190 4018; x_wconf 90' lang='lat' dir='ltr'>trihus</span> <span class='ocrx_word' id='word_1_269' title='bbox 1203 3964 1340 4018; x_wconf 86' lang='lat' dir='ltr'>brevibus</span> 
     </span>
     <span class='ocr_line' id='line_1_35' title="bbox 274 4045 1339 4116; baseline -0.001 -18"><span class='ocrx_word' id='word_1_270' title='bbox 274 4064 338 4098; x_wconf 91' lang='lat' dir='ltr'>esse</span> <span class='ocrx_word' id='word_1_271' title='bbox 354 4045 406 4113; x_wconf 72' lang='grc' dir='ltr'>(“υ</span> <span class='ocrx_word' id='word_1_272' title='bbox 415 4045 441 4112; x_wconf 74' lang='grc'>“)</span> <span class='ocrx_word' id='word_1_273' title='bbox 455 4063 539 4116; x_wconf 87' lang='lat' dir='ltr'>quem</span> <span class='ocrx_word' id='word_1_274' title='bbox 552 4062 679 4097; x_wconf 88' lang='lat' dir='ltr'>errorem</span> <span class='ocrx_word' id='word_1_275' title='bbox 690 4055 856 4097; x_wconf 85' lang='lat' dir='ltr'>notaverunt</span> <span class='ocrx_word' id='word_1_276' title='bbox 868 4045 940 4096; x_wconf 84' lang='lat' dir='ltr'>Jahn</span> <span class='ocrx_word' id='word_1_277' title='bbox 955 4055 982 4097; x_wconf 91' lang='lat' dir='ltr'>et</span> <span class='ocrx_word' id='word_1_278' title='bbox 999 4046 1118 4116; x_wconf 88' lang='lat' dir='ltr'>Sandys.</span> <span class='ocrx_word' id='word_1_279' title='bbox 1131 4045 1218 4097; x_wconf 90' lang='lat' dir='ltr'>Nede</span> <span class='ocrx_word' id='word_1_280' title='bbox 1233 4062 1339 4114; x_wconf 90' lang='lat' dir='ltr'>paeane</span> 
     </span>
     <span class='ocr_line' id='line_1_36' title="bbox 274 4124 1337 4197; baseline -0.001 -20"><span class='ocrx_word' id='word_1_281' title='bbox 274 4126 388 4197; x_wconf 87' lang='lat' dir='ltr'>quidem</span> <span class='ocrx_word' id='word_1_282' title='bbox 404 4125 505 4178; x_wconf 90' lang='lat' dir='ltr'>Cicero</span> <span class='ocrx_word' id='word_1_283' title='bbox 521 4124 696 4185; x_wconf 88' lang='lat' dir='ltr'>Aristotelis,</span> <span class='ocrx_word' id='word_1_284' title='bbox 715 4143 798 4195; x_wconf 89' lang='lat' dir='ltr'>quem</span> <span class='ocrx_word' id='word_1_285' title='bbox 815 4134 960 4177; x_wconf 85' lang='lat' dir='ltr'>auctorem</span> <span class='ocrx_word' id='word_1_286' title='bbox 976 4126 1101 4196; x_wconf 89' lang='lat' dir='ltr'>appellat</span> <span class='ocrx_word' id='word_1_287' title='bbox 1115 4125 1190 4192; x_wconf 76' lang='lat' dir='ltr'>(Or,</span> <span class='ocrx_word' id='word_1_288' title='bbox 1205 4125 1248 4185; x_wconf 79' lang='lat'>64,</span> <span class='ocrx_word' id='word_1_289' title='bbox 1264 4125 1337 4190; x_wconf 79' lang='lat'><strong>218),</strong></span> 
     </span>
     <span class='ocr_line' id='line_1_37' title="bbox 275 4203 1337 4275; baseline -0.003 -17"><span class='ocrx_word' id='word_1_290' title='bbox 275 4215 395 4259; x_wconf 88' lang='lat' dir='ltr'>mentem</span> <span class='ocrx_word' id='word_1_291' title='bbox 410 4215 558 4258; x_wconf 86' lang='lat' dir='ltr'>assecutus</span> <span class='ocrx_word' id='word_1_292' title='bbox 574 4214 627 4257; x_wconf 88' lang='lat' dir='ltr'>est.</span> <span class='ocrx_word' id='word_1_293' title='bbox 649 4205 690 4256; x_wconf 85' lang='lat' dir='ltr'>Cf.</span> <span class='ocrx_word' id='word_1_294' title='bbox 716 4205 849 4275; x_wconf 80' lang='lat' dir='ltr'>Spengel,</span> <span class='ocrx_word' id='word_1_295' title='bbox 870 4205 1035 4259; x_wconf 81' lang='lat' dir='ltr'>Aristotelis</span> <span class='ocrx_word' id='word_1_296' title='bbox 1056 4223 1104 4257; x_wconf 87' lang='lat' dir='ltr'>ars</span> <span class='ocrx_word' id='word_1_297' title='bbox 1125 4203 1276 4264; x_wconf 82' lang='lat' dir='ltr'>rhetorica,</span> <span class='ocrx_word' id='word_1_298' title='bbox 1299 4205 1337 4266; x_wconf 90' lang='lat' dir='ltr'>ll,</span> 
     </span>
     <span class='ocr_line' id='line_1_38' title="bbox 274 4280 1336 4356; baseline -0.004 -18"><span class='ocrx_word' id='word_1_299' title='bbox 274 4306 302 4356; x_wconf 93' lang='lat' dir='ltr'>p.</span> <span class='ocrx_word' id='word_1_300' title='bbox 326 4287 393 4342; x_wconf 85' lang='lat'>388:</span> <span class='ocrx_word' id='word_1_301' title='bbox 421 4285 638 4356; x_wconf 82' lang='lat' dir='ltr'>Cape-Sandys,</span> <span class='ocrx_word' id='word_1_302' title='bbox 667 4283 723 4336; x_wconf 82' lang='lat' dir='ltr'>The</span> <span class='ocrx_word' id='word_1_303' title='bbox 746 4283 880 4336; x_wconf 84' lang='lat' dir='ltr'>Rhetorie</span> <span class='ocrx_word' id='word_1_304' title='bbox 909 4284 944 4351; x_wconf 72' lang='lat' dir='ltr'>of</span> <span class='ocrx_word' id='word_1_305' title='bbox 966 4283 1112 4344; x_wconf 85' lang='lat' dir='ltr'>Aristotle,</span> <span class='ocrx_word' id='word_1_306' title='bbox 1142 4280 1193 4346; x_wconf 90' lang='lat' dir='ltr'>Ill,</span> <span class='ocrx_word' id='word_1_307' title='bbox 1223 4303 1250 4354; x_wconf 90' lang='lat' dir='ltr'>p.</span> <span class='ocrx_word' id='word_1_308' title='bbox 1283 4284 1336 4342; x_wconf 82' lang='lat'>83;</span> 
     </span>
     <span class='ocr_line' id='line_1_39' title="bbox 275 4362 1099 4434; baseline -0.004 -16"><span class='ocrx_word' id='word_1_309' title='bbox 275 4365 461 4434; x_wconf 85' lang='lat' dir='ltr'>Fritzschius‚</span> <span class='ocrx_word' id='word_1_310' title='bbox 475 4368 517 4418; x_wconf 90' lang='lat' dir='ltr'>De</span> <span class='ocrx_word' id='word_1_311' title='bbox 532 4364 656 4418; x_wconf 83' lang='lat' dir='ltr'>numeris</span> <span class='ocrx_word' id='word_1_312' title='bbox 669 4362 809 4418; x_wconf 84' lang='lat' dir='ltr'>erationis</span> <span class='ocrx_word' id='word_1_313' title='bbox 824 4362 944 4424; x_wconf 85' lang='lat' dir='ltr'>solutae,</span> <span class='ocrx_word' id='word_1_314' title='bbox 960 4383 989 4434; x_wconf 86' lang='lat' dir='ltr'>p.</span> <span class='ocrx_word' id='word_1_315' title='bbox 1004 4364 1099 4416; x_wconf 79' lang='lat'><strong>13-14.</strong></span> 
     </span>
    </p>
   </div>
   <div class='ocr_carea' id='block_1_5' title="bbox 0 0 1548 5040">
    <p class='ocr_par' dir='ltr' id='par_1_10' title="bbox 0 0 1548 5040">
     <span class='ocr_line' id='line_1_40' title="bbox 0 0 1548 5040; baseline 0 0"><span class='ocrx_word' id='word_1_316' title='bbox 0 0 1548 5040; x_wconf 95' lang='lat' dir='ltr'> </span> 
     </span>
    </p>
   </div>
  </div>
 </body>
</html>
