3062 5050
479 485 541 558 §3-
563 518 596 526 -
616 503 685 554 Qum
706 503 812 544 sr01ars
832 493 980 544 utnunnir

381 807 395 880 t
419 801 451 866 3.
480 839 521 849 -
546 801 659 882 Quid
684 800 844 870 Stoicis
867 800 1080 869 debuerit.

242 998 512 1086 Hermagoream
533 994 699 1063 rationem
715 993 919 1062 rhetoricam
939 1017 959 1061 a
975 993 1089 1062 Stoica
1104 1017 1264 1062 manasse

197 1135 264 1178 non
283 1111 367 1179 nulli
387 1110 478 1178 docti
492 1110 558 1177 viri
573 1111 743 1201 quondam
759 1109 917 1178 arbitrati
932 1119 1011 1177 sunt
1027 1111 1036 1154 ¹
1056 1135 1063 1192 ;
1081 1134 1169 1178 nunc
1183 1134 1265 1178 vero

197 1236 333 1295 constat
348 1250 415 1294 non
433 1227 533 1295 modo
548 1226 582 1293 id
598 1226 722 1294 salsum
738 1250 828 1309 esse,
846 1226 907 1293 sed
922 1226 1011 1292 inter
1026 1226 1175 1294 Stoicam
1195 1225 1265 1293 dis-

198 1343 357 1433 ciplinam
373 1352 407 1410 et
423 1346 692 1434 Hermagoream
708 1342 891 1409 discrimen
906 1341 1089 1409 maximum
1105 1342 1211 1410 luisse
1226 1345 1239 1388 2
1256 1368 1263 1410 :

199 1458 303 1527 Stoici
328 1458 532 1526 rhetoricam
556 1458 792 1549 philosophiae
816 1468 948 1549 partem
972 1481 1049 1525 esse
1073 1458 1263 1539 voluerant,

200 1577 433 1666 Hermagoras
453 1575 620 1643 rationem
639 1573 782 1664 perfecit
801 1597 888 1664 quae
904 1597 1032 1640 meram
1048 1574 1263 1655 rhetoricam,

199 1690 333 1758 abiecta
366 1691 457 1758 omni
490 1690 718 1781 philosophia,
755 1690 941 1758 exhiberet.
979 1693 1097 1781 ltaque
1131 1691 1174 1757 ab
1209 1689 1267 1756 illa

199 1806 399 1898 quaestione
420 1805 501 1897 quid
518 1831 558 1874 ex
575 1810 790 1897 Hermagora
805 1806 926 1876 Cicero
941 1806 1107 1888 hauserit,
1124 1829 1266 1896 prorsus

199 1922 454 2014 segregandam
469 1922 562 1989 illam
578 1923 722 1990 alteram
736 1932 841 2012 puto:
860 1921 940 2013 quid
957 1922 1081 1990 Stoicis
1097 1922 1264 1991 debuerit.

243 2040 294 2106 Ac
309 2038 455 2128 primum
471 2038 608 2128 quidem
624 2037 799 2105 sciendum
815 2047 868 2106 est
884 2038 1016 2106 Stoicos
1032 2062 1099 2105 non
1114 2039 1220 2106 multa
1233 2038 1267 2104 in

199 2152 407 2244 perficienda
422 2164 495 2221 arte
511 2153 679 2221 rhetorica
695 2153 911 2242 praestitisse
927 2179 934 2233 ;
951 2153 1042 2244 quod
1056 2154 1130 2244 ipse
1147 2153 1267 2222 Cicero

199 2280 360 2350 testatur,
383 2292 458 2337 cum
479 2293 538 2336 eos
558 2268 772 2336 dialecticam
791 2269 928 2359 quidem
947 2269 1151 2352 excoluisse,
1172 2269 1268 2336 inve-

201 2385 316 2454 niendi
328 2409 410 2453 vero
427 2396 534 2452 artem
550 2384 745 2476 neglexisse
761 2384 851 2452 haud
867 2386 972 2452 semel
988 2386 1153 2454 affirmat:

242 2528 323 2591 Cum
344 2528 448 2590 omnis
468 2528 548 2591 ratio
568 2527 708 2610 diligens
728 2526 906 2589 disserendi
927 2527 1006 2590 duas
1023 2528 1140 2591 habeat
1154 2529 1266 2612 partis,

201 2638 298 2679 unam
313 2617 505 2690 inveniendi,
524 2617 657 2679 alteram
673 2615 843 2690 iudicandi,
866 2617 1032 2700 utriusque
1051 2619 1212 2702 princeps,
1234 2627 1270 2680 ut

202 2707 279 2768 mihi
295 2705 424 2789 quidem
438 2704 575 2779 videtur,
594 2705 783 2766 Aristoteles
798 2705 867 2767 luit.
886 2705 989 2768 Stoici
1000 2717 1108 2769 autem
1122 2707 1154 2768 in
1169 2708 1270 2769 altera

201 2796 469 2870 elaboraverunt3
504 2793 665 2856 iudicandi
694 2793 778 2854 enim
807 2794 876 2856 vias
904 2794 1077 2878 diligenter
1109 2796 1269 2878 persecuti

202 2893 275 2946 sunt
290 2904 328 2946 ea
340 2883 473 2945 scientia
485 2904 580 2966 quam
592 2892 765 2959 διαλεκτικὴν
778 2883 956 2966 appellant;
970 2885 1269 2947 inveniendiartem

201 2993 282 3057 quae
301 2981 401 3050 τοπικὴ
423 2972 548 3047 dicitur,
571 2993 652 3056 quae
672 2980 705 3034 et
724 2971 763 3033 ad
785 2992 878 3034 usum
899 2973 1005 3054 potior
1025 2982 1093 3035 erat
1112 2983 1144 3036 et
1158 2973 1269 3035 ordine

201 3071 333 3126 naturae
349 3070 434 3123 certe
449 3061 537 3145 prior
551 3072 652 3123 totam
669 3062 882 3142 reliquerant.
901 3060 994 3145 Top,
1012 3067 1041 3136 2,
1058 3067 1088 3124 6.

242 3150 324 3213 Cum
340 3150 421 3212 duae
438 3151 502 3214 sint
517 3159 612 3225 artes,
631 3150 748 3233 quihus
763 3149 902 3233 perfecte
923 3151 1004 3213 ratio
1019 3159 1051 3212 et
1065 3151 1166 3213 oratio
1182 3171 1270 3213 com-

202 3239 338 3323 pleatur,
356 3260 419 3301 una
434 3239 626 3313 inveniendi,
644 3239 744 3300 altera
759 3238 948 3313 disserendi,
962 3240 1043 3301 hanc
1058 3241 1269 3322 posteriorem

203 3338 234 3390 et
254 3328 354 3391 Stoici
375 3337 407 3390 et
426 3328 642 3411 Peripatetici,
664 3328 804 3410 priorem
825 3338 932 3390 autem
952 3328 997 3389 illi
1018 3328 1150 3412 egregie
1169 3329 1270 3391 tradi·

203 3418 329 3492 derunt,
343 3419 396 3478 ti³
407 3417 536 3479 omnino
548 3438 587 3479 ne
598 3417 776 3500 attigerunt
791 3417 930 3498 quidem.
944 3417 1024 3478 Nam
1036 3417 1179 3499 equibus
1191 3416 1271 3479 locis

203 3507 294 3588 quasi
312 3507 473 3569 thesauris
492 3515 683 3590 argumenta
702 3505 967 3588 depromerentur
987 3509 1087 3570 vestri
1103 3528 1143 3567 ne
1162 3508 1270 3589 suspi-

205 3598 272 3657 cati
284 3595 414 3678 quidem
430 3606 517 3656 sant.
536 3595 619 3670 Fin,
637 3599 665 3668 4,
684 3599 712 3668 4,
732 3600 779 3656 10.

239 3795 264 3843 1.
285 3791 443 3844 Volkmann
458 3810 552 3862 saepe,
569 3811 594 3842 v.
613 3810 639 3860 g.
651 3811 680 3862 p.
698 3793 741 3842 12.
760 3794 791 3844 lu
807 3793 936 3846 eumdem
956 3810 1082 3845 errorem
1101 3792 1199 3844 incidit
1217 3792 1271 3843 ali-

204 3872 316 3942 quando
332 3871 456 3933 Striller,
473 3874 514 3924 Da
534 3871 690 3923 Stoicarum
711 3871 817 3924 stadiis
838 3872 995 3932 rhetoricis,
1015 3892 1043 3943 p.
1066 3873 1108 3932 19,
1132 3873 1174 3923 24.
1198 3873 1270 3924 Fue-

205 3953 277 4004 ritne
291 3952 353 4022 ipse
367 3952 559 4021 Hermagoras
574 3952 697 4011 Stoicus,
710 3962 741 4003 ut
755 3952 919 4004 Harnecher
932 3953 1075 4005 contendit
1088 3952 1152 4019 (Dic
1166 3954 1272 4021 Tra'iger

205 4030 255 4084 des
279 4033 405 4084 Namens
430 4034 633 4101 Hermagoras,
661 4033 740 4084 Neue
763 4032 941 4086 Jahrbttchcr
964 4034 1012 4101 sur
1031 4031 1191 4102 Philologie
1214 4029 1272 4084 aad

204 4109 382 4181 Padagagil,
398 4111 523 4172 CXXXI,
539 4112 616 4173 1885,
629 4131 658 4181 p.
671 4113 773 4179 69-76),
787 4131 877 4183 neque
889 4121 998 4164 constat
1009 4130 1099 4183 neque
1111 4111 1271 4182 praesentis

205 4191 408 4261 disputationis
425 4200 478 4243 est.

241 4272 266 4321 2.
288 4270 397 4331 Thiele,
415 4271 617 4340 Hermagoras,
637 4273 743 4341 p.173.

241 4351 267 4401 3.
289 4350 330 4402 De
345 4349 431 4402 huius
445 4350 523 4402 vocis
537 4351 573 4412 vi,
591 4351 626 4402 cf.
645 4351 780 4422 Madvigii
797 4353 1004 4404 adnotationem
1020 4355 1059 4422 (p.
1077 4353 1150 4419 493).
