<?xml version="1.0" encoding="UTF-8"?>
<!DOCTYPE html PUBLIC "-//W3C//DTD XHTML 1.0 Transitional//EN"
    "http://www.w3.org/TR/xhtml1/DTD/xhtml1-transitional.dtd">
<html xmlns="http://www.w3.org/1999/xhtml" xml:lang="en" lang="en">
 <head>
  <title>
</title>
<meta http-equiv="Content-Type" content="text/html;charset=utf-8" />
  <meta name='ocr-system' content='tesseract 3.04.00' />
  <meta name='ocr-capabilities' content='ocr_page ocr_carea ocr_par ocr_line ocrx_word'/>
</head>
<body>
  <div class='ocr_page' id='page_1' title='image "./demtulliciceron00laurgoog_0076.png"; bbox 0 0 3062 5050; ppageno 0'>
   <div class='ocr_carea' id='block_1_1' title="bbox 256 457 1253 533">
    <p class='ocr_par' dir='ltr' id='par_1_1' title="bbox 256 457 1253 533">
     <span class='ocr_line' id='line_1_1' title="bbox 256 457 1253 533; baseline 0.015 -17"><span class='ocrx_word' id='word_1_1' title='bbox 256 457 314 533; x_wconf 68' lang='lat'>§2</span> <span class='ocrx_word' id='word_1_2' title='bbox 337 492 369 501; x_wconf 93' lang='lat'>-</span> <span class='ocrx_word' id='word_1_3' title='bbox 389 475 458 528; x_wconf 85' lang='lat' dir='ltr'>oum</span> <span class='ocrx_word' id='word_1_4' title='bbox 476 473 617 522; x_wconf 78' lang='lat' dir='ltr'>nsrnricls</span> <span class='ocrx_word' id='word_1_5' title='bbox 635 473 813 533; x_wconf 73' lang='lat' dir='ltr'>succussus</span> <span class='ocrx_word' id='word_1_6' title='bbox 831 477 1017 528; x_wconf 75' lang='lat' dir='ltr'>aaaronraus&#39;</span> <span class='ocrx_word' id='word_1_7' title='bbox 1035 487 1182 530; x_wconf 82' lang='lat' dir='ltr'>nsausmr</span> <span class='ocrx_word' id='word_1_8' title='bbox 1219 464 1253 531; x_wconf 78' lang='lat'>49</span> 
     </span>
    </p>
   </div>
   <div class='ocr_carea' id='block_1_2' title="bbox 184 611 1249 820">
    <p class='ocr_par' dir='ltr' id='par_1_2' title="bbox 184 611 1249 820">
     <span class='ocr_line' id='line_1_2' title="bbox 185 611 1249 713; baseline 0.014 -36"><span class='ocrx_word' id='word_1_9' title='bbox 185 611 347 679; x_wconf 90' lang='lat' dir='ltr'>creticum</span> <span class='ocrx_word' id='word_1_10' title='bbox 367 613 488 681; x_wconf 88' lang='lat' dir='ltr'>deinde</span> <span class='ocrx_word' id='word_1_11' title='bbox 506 615 660 683; x_wconf 90' lang='lat' dir='ltr'>laudavit</span> <span class='ocrx_word' id='word_1_12' title='bbox 680 616 820 709; x_wconf 90' lang='lat' dir='ltr'>eiusque</span> <span class='ocrx_word' id='word_1_13' title='bbox 841 622 1018 711; x_wconf 87' lang='lat' dir='ltr'>aequalem</span> <span class='ocrx_word' id='word_1_14' title='bbox 1039 625 1249 713; x_wconf 77' lang='lat' dir='ltr'>paeanem13</span> 
     </span>
     <span class='ocr_line' id='line_1_3' title="bbox 184 730 870 820; baseline 0.013 -28"><span class='ocrx_word' id='word_1_15' title='bbox 184 737 317 794; x_wconf 91' lang='lat' dir='ltr'>ceteros</span> <span class='ocrx_word' id='word_1_16' title='bbox 332 730 438 820; x_wconf 89' lang='lat' dir='ltr'>pedes</span> <span class='ocrx_word' id='word_1_17' title='bbox 459 730 606 798; x_wconf 89' lang='lat' dir='ltr'>rariores</span> <span class='ocrx_word' id='word_1_18' title='bbox 628 756 706 799; x_wconf 90' lang='lat' dir='ltr'>esse</span> <span class='ocrx_word' id='word_1_19' title='bbox 725 733 833 801; x_wconf 87' lang='lat' dir='ltr'>voluit</span> <span class='ocrx_word' id='word_1_20' title='bbox 845 736 870 801; x_wconf 71' lang='lat'>2.</span> 
     </span>
    </p>
   </div>
   <div class='ocr_carea' id='block_1_3' title="bbox 150 843 1252 2214">
    <p class='ocr_par' dir='ltr' id='par_1_3' title="bbox 184 843 1252 1266">
     <span class='ocr_line' id='line_1_4' title="bbox 230 843 1252 947; baseline 0.013 -37"><span class='ocrx_word' id='word_1_21' title='bbox 230 847 268 910; x_wconf 92' lang='lat' dir='ltr'>ln</span> <span class='ocrx_word' id='word_1_22' title='bbox 288 843 341 912; x_wconf 88' lang='lat' dir='ltr'>his</span> <span class='ocrx_word' id='word_1_23' title='bbox 362 845 469 936; x_wconf 89' lang='lat' dir='ltr'>igitur</span> <span class='ocrx_word' id='word_1_24' title='bbox 488 848 693 938; x_wconf 68' lang='lat' dir='ltr'>praeceptis</span> <span class='ocrx_word' id='word_1_25' title='bbox 712 849 885 918; x_wconf 75' lang='lat' dir='ltr'><strong>Asiaticae</strong></span> <span class='ocrx_word' id='word_1_26' title='bbox 899 852 1087 922; x_wconf 81' lang='lat' dir='ltr'>rhetoricae</span> <span class='ocrx_word' id='word_1_27' title='bbox 1102 855 1252 947; x_wconf 86' lang='lat' dir='ltr'>vestigia</span> 
     </span>
     <span class='ocr_line' id='line_1_5' title="bbox 185 961 1252 1054; baseline 0.012 -28"><span class='ocrx_word' id='word_1_28' title='bbox 185 961 368 1028; x_wconf 81' lang='lat' dir='ltr'>manifesta</span> <span class='ocrx_word' id='word_1_29' title='bbox 388 971 469 1030; x_wconf 89' lang='lat' dir='ltr'>sunt</span> <span class='ocrx_word' id='word_1_30' title='bbox 487 965 511 1042; x_wconf 86' lang='lat'>³,</span> <span class='ocrx_word' id='word_1_31' title='bbox 535 986 740 1054; x_wconf 90' lang='lat' dir='ltr'>quamquam</span> <span class='ocrx_word' id='word_1_32' title='bbox 760 989 827 1032; x_wconf 92' lang='lat' dir='ltr'>non</span> <span class='ocrx_word' id='word_1_33' title='bbox 847 976 981 1036; x_wconf 88' lang='lat' dir='ltr'>constat</span> <span class='ocrx_word' id='word_1_34' title='bbox 1000 980 1113 1036; x_wconf 93' lang='lat' dir='ltr'>utrum</span> <span class='ocrx_word' id='word_1_35' title='bbox 1133 971 1252 1039; x_wconf 89' lang='lat' dir='ltr'>haeca</span> 
     </span>
     <span class='ocr_line' id='line_1_6' title="bbox 185 1077 1248 1169; baseline 0.012 -27"><span class='ocrx_word' id='word_1_36' title='bbox 185 1077 267 1144; x_wconf 87' lang='lat' dir='ltr'>solis</span> <span class='ocrx_word' id='word_1_37' title='bbox 288 1077 452 1144; x_wconf 80' lang='lat' dir='ltr'>Asiaticis</span> <span class='ocrx_word' id='word_1_38' title='bbox 477 1077 596 1146; x_wconf 86' lang='lat' dir='ltr'>Cicero</span> <span class='ocrx_word' id='word_1_39' title='bbox 619 1079 788 1162; x_wconf 76' lang='lat' dir='ltr'>didicerit,</span> <span class='ocrx_word' id='word_1_40' title='bbox 811 1105 854 1147; x_wconf 92' lang='lat' dir='ltr'>an</span> <span class='ocrx_word' id='word_1_41' title='bbox 880 1083 982 1151; x_wconf 91' lang='lat' dir='ltr'>etiam</span> <span class='ocrx_word' id='word_1_42' title='bbox 1007 1108 1026 1151; x_wconf 89' lang='lat' dir='ltr'>a</span> <span class='ocrx_word' id='word_1_43' title='bbox 1049 1086 1189 1154; x_wconf 92' lang='lat' dir='ltr'>Rhodiis</span> <span class='ocrx_word' id='word_1_44' title='bbox 1211 1089 1248 1169; x_wconf 71' lang='grc'>4;</span> 
     </span>
     <span class='ocr_line' id='line_1_7' title="bbox 184 1192 1022 1266; baseline 0.008 -7"><span class='ocrx_word' id='word_1_45' title='bbox 184 1202 282 1260; x_wconf 89' lang='lat' dir='ltr'>erant</span> <span class='ocrx_word' id='word_1_46' title='bbox 297 1192 386 1259; x_wconf 92' lang='lat' dir='ltr'>enim</span> <span class='ocrx_word' id='word_1_47' title='bbox 402 1193 436 1259; x_wconf 93' lang='lat' dir='ltr'>in</span> <span class='ocrx_word' id='word_1_48' title='bbox 451 1193 567 1261; x_wconf 88' lang='lat' dir='ltr'>multis</span> <span class='ocrx_word' id='word_1_49' title='bbox 583 1194 814 1264; x_wconf 81' lang='lat' dir='ltr'>Asiaticorum</span> <span class='ocrx_word' id='word_1_50' title='bbox 829 1197 1022 1266; x_wconf 76' lang='lat' dir='ltr'>similiores</span> 
     </span>
    </p>

    <p class='ocr_par' dir='ltr' id='par_1_4' title="bbox 150 1308 1252 2214">
     <span class='ocr_line' id='line_1_8' title="bbox 228 1308 1251 1409; baseline 0.011 -34"><span class='ocrx_word' id='word_1_51' title='bbox 228 1309 321 1376; x_wconf 88' lang='lat' dir='ltr'>Molo</span> <span class='ocrx_word' id='word_1_52' title='bbox 338 1308 490 1376; x_wconf 91' lang='lat' dir='ltr'>Rhodius</span> <span class='ocrx_word' id='word_1_53' title='bbox 507 1309 707 1379; x_wconf 83' lang='lat' dir='ltr'>Ciceronem</span> <span class='ocrx_word' id='word_1_54' title='bbox 721 1311 830 1380; x_wconf 88' lang='lat' dir='ltr'>Rhodi</span> <span class='ocrx_word' id='word_1_55' title='bbox 842 1324 875 1380; x_wconf 93' lang='lat' dir='ltr'>et</span> <span class='ocrx_word' id='word_1_56' title='bbox 887 1318 1012 1383; x_wconf 91' lang='lat' dir='ltr'>Romae</span> <span class='ocrx_word' id='word_1_57' title='bbox 1024 1317 1251 1409; x_wconf 88' lang='lat' dir='ltr'>eloquentiam</span> 
     </span>
     <span class='ocr_line' id='line_1_9' title="bbox 185 1423 1251 1518; baseline 0.006 -28"><span class='ocrx_word' id='word_1_58' title='bbox 185 1423 377 1507; x_wconf 87' lang='lat' dir='ltr'>docuerat;</span> <span class='ocrx_word' id='word_1_59' title='bbox 413 1435 458 1506; x_wconf 90' lang='lat' dir='ltr'>et,</span> <span class='ocrx_word' id='word_1_60' title='bbox 491 1449 698 1517; x_wconf 93' lang='lat' dir='ltr'>quamquam</span> <span class='ocrx_word' id='word_1_61' title='bbox 726 1451 803 1494; x_wconf 89' lang='lat' dir='ltr'>eum</span> <span class='ocrx_word' id='word_1_62' title='bbox 831 1427 1013 1518; x_wconf 81' lang='lat' dir='ltr'>praecipue</span> <span class='ocrx_word' id='word_1_63' title='bbox 1042 1428 1251 1497; x_wconf 89' lang='lat' dir='ltr'>instituendo</span> 
     </span>
     <span class='ocr_line' id='line_1_10' title="bbox 150 1539 1251 1634; baseline 0.005 -29"><span class='ocrx_word' id='word_1_64' title='bbox 150 1629 152 1632; x_wconf 73' lang='lat'>.</span> <span class='ocrx_word' id='word_1_65' title='bbox 185 1539 413 1631; x_wconf 88' lang='lat' dir='ltr'>notandisque</span> <span class='ocrx_word' id='word_1_66' title='bbox 427 1541 521 1608; x_wconf 90' lang='lat' dir='ltr'>vitiis</span> <span class='ocrx_word' id='word_1_67' title='bbox 537 1542 671 1609; x_wconf 90' lang='lat' dir='ltr'>iuverat</span> <span class='ocrx_word' id='word_1_68' title='bbox 685 1544 709 1624; x_wconf 77' lang='lat'>⁵,</span> <span class='ocrx_word' id='word_1_69' title='bbox 727 1552 841 1610; x_wconf 89' lang='lat' dir='ltr'>tamen</span> <span class='ocrx_word' id='word_1_70' title='bbox 855 1544 914 1610; x_wconf 85' lang='lat' dir='ltr'>vix</span> <span class='ocrx_word' id='word_1_71' title='bbox 930 1544 1041 1634; x_wconf 90' lang='lat' dir='ltr'>potuit</span> <span class='ocrx_word' id='word_1_72' title='bbox 1060 1545 1134 1612; x_wconf 90' lang='lat' dir='ltr'>eius</span> <span class='ocrx_word' id='word_1_73' title='bbox 1155 1570 1251 1613; x_wconf 87' lang='lat' dir='ltr'>exer-</span> 
     </span>
     <span class='ocr_line' id='line_1_11' title="bbox 185 1641 1251 1752; baseline 0.006 -30"><span class='ocrx_word' id='word_1_74' title='bbox 185 1655 404 1724; x_wconf 90' lang='lat' dir='ltr'>citationibus</span> <span class='ocrx_word' id='word_1_75' title='bbox 420 1657 468 1724; x_wconf 93' lang='lat' dir='ltr'>ita</span> <span class='ocrx_word' id='word_1_76' title='bbox 481 1649 644 1747; x_wconf 82' lang='lat' dir='ltr'>praeesse</span> <span class='ocrx_word' id='word_1_77' title='bbox 655 1670 692 1726; x_wconf 90' lang='lat' dir='ltr'>ut</span> <span class='ocrx_word' id='word_1_78' title='bbox 702 1641 885 1750; x_wconf 82' lang='lat' dir='ltr'>praecepta</span> <span class='ocrx_word' id='word_1_79' title='bbox 897 1660 980 1727; x_wconf 89' lang='lat' dir='ltr'>artis</span> <span class='ocrx_word' id='word_1_80' title='bbox 991 1684 1058 1727; x_wconf 93' lang='lat' dir='ltr'>non</span> <span class='ocrx_word' id='word_1_81' title='bbox 1070 1661 1251 1752; x_wconf 87' lang='lat' dir='ltr'>aliquando</span> 
     </span>
     <span class='ocr_line' id='line_1_12' title="bbox 185 1773 1252 1866; baseline 0.004 -29"><span class='ocrx_word' id='word_1_82' title='bbox 185 1773 336 1841; x_wconf 89' lang='lat' dir='ltr'>traderet</span> <span class='ocrx_word' id='word_1_83' title='bbox 355 1775 379 1838; x_wconf 77' lang='lat'>⁶.</span> <span class='ocrx_word' id='word_1_84' title='bbox 403 1775 576 1856; x_wconf 86' lang='lat' dir='ltr'>Ceterum,</span> <span class='ocrx_word' id='word_1_85' title='bbox 599 1785 676 1842; x_wconf 91' lang='lat' dir='ltr'>ante</span> <span class='ocrx_word' id='word_1_86' title='bbox 697 1799 799 1866; x_wconf 91' lang='lat' dir='ltr'>quam</span> <span class='ocrx_word' id='word_1_87' title='bbox 820 1776 941 1845; x_wconf 92' lang='lat' dir='ltr'>Cicero</span> <span class='ocrx_word' id='word_1_88' title='bbox 961 1776 1088 1844; x_wconf 93' lang='lat' dir='ltr'>Moloni</span> <span class='ocrx_word' id='word_1_89' title='bbox 1113 1799 1252 1866; x_wconf 89' lang='lat' dir='ltr'>operam</span> 
     </span>
     <span class='ocr_line' id='line_1_13' title="bbox 185 1889 1249 1981; baseline 0.004 -27"><span class='ocrx_word' id='word_1_90' title='bbox 185 1889 294 1971; x_wconf 89' lang='lat' dir='ltr'>daret,</span> <span class='ocrx_word' id='word_1_91' title='bbox 310 1889 438 1981; x_wconf 93' lang='lat' dir='ltr'>aliquid</span> <span class='ocrx_word' id='word_1_92' title='bbox 454 1889 522 1957; x_wconf 92' lang='lat' dir='ltr'>iam</span> <span class='ocrx_word' id='word_1_93' title='bbox 537 1914 555 1956; x_wconf 92' lang='lat' dir='ltr'>e</span> <span class='ocrx_word' id='word_1_94' title='bbox 572 1889 780 1958; x_wconf 90' lang='lat' dir='ltr'>Rhodiorum</span> <span class='ocrx_word' id='word_1_95' title='bbox 796 1903 868 1959; x_wconf 89' lang='lat' dir='ltr'>arte</span> <span class='ocrx_word' id='word_1_96' title='bbox 887 1891 1055 1959; x_wconf 89' lang='lat' dir='ltr'>rhetorica</span> <span class='ocrx_word' id='word_1_97' title='bbox 1075 1892 1249 1960; x_wconf 90' lang='lat' dir='ltr'>hauserat.</span> 
     </span>
     <span class='ocr_line' id='line_1_14' title="bbox 185 2003 1251 2098; baseline 0.001 -26"><span class='ocrx_word' id='word_1_98' title='bbox 185 2007 272 2072; x_wconf 92' lang='lat' dir='ltr'>Nam</span> <span class='ocrx_word' id='word_1_99' title='bbox 292 2003 326 2071; x_wconf 97' lang='lat' dir='ltr'>in</span> <span class='ocrx_word' id='word_1_100' title='bbox 346 2004 443 2072; x_wconf 92' lang='lat' dir='ltr'>libris</span> <span class='ocrx_word' id='word_1_101' title='bbox 464 2004 505 2072; x_wconf 91' lang='lat' dir='ltr'>de</span> <span class='ocrx_word' id='word_1_102' title='bbox 527 2006 726 2074; x_wconf 91' lang='lat' dir='ltr'>Inventione</span> <span class='ocrx_word' id='word_1_103' title='bbox 746 2006 914 2098; x_wconf 89' lang='lat' dir='ltr'>quaedam</span> <span class='ocrx_word' id='word_1_104' title='bbox 935 2031 976 2073; x_wconf 89' lang='lat' dir='ltr'>ex</span> <span class='ocrx_word' id='word_1_105' title='bbox 992 2006 1122 2074; x_wconf 92' lang='lat' dir='ltr'>Rhodio</span> <span class='ocrx_word' id='word_1_106' title='bbox 1138 2008 1251 2098; x_wconf 88' lang='lat' dir='ltr'>aliquo</span> 
     </span>
     <span class='ocr_line' id='line_1_15' title="bbox 185 2120 1251 2214; baseline 0.003 -27"><span class='ocrx_word' id='word_1_107' title='bbox 185 2120 322 2188; x_wconf 87' lang='lat' dir='ltr'>doctore</span> <span class='ocrx_word' id='word_1_108' title='bbox 343 2131 478 2211; x_wconf 88' lang='lat' dir='ltr'>sumpta</span> <span class='ocrx_word' id='word_1_109' title='bbox 504 2145 580 2188; x_wconf 89' lang='lat' dir='ltr'>esse</span> <span class='ocrx_word' id='word_1_110' title='bbox 602 2132 748 2189; x_wconf 91' lang='lat' dir='ltr'>constat.</span> <span class='ocrx_word' id='word_1_111' title='bbox 771 2124 877 2190; x_wconf 90' lang='lat' dir='ltr'>Secus</span> <span class='ocrx_word' id='word_1_112' title='bbox 900 2122 989 2189; x_wconf 91' lang='lat' dir='ltr'>enim</span> <span class='ocrx_word' id='word_1_113' title='bbox 1010 2122 1163 2214; x_wconf 80' lang='lat' dir='ltr'>intellegi</span> <span class='ocrx_word' id='word_1_114' title='bbox 1185 2147 1251 2190; x_wconf 93' lang='lat' dir='ltr'>non</span> 
     </span>
    </p>
   </div>
   <div class='ocr_carea' id='block_1_4' title="bbox 185 2327 1252 4397">
    <p class='ocr_par' dir='ltr' id='par_1_5' title="bbox 221 2327 467 2389">
     <span class='ocr_line' id='line_1_16' title="bbox 221 2327 467 2389; baseline 0.008 -11"><span class='ocrx_word' id='word_1_115' title='bbox 221 2329 245 2379; x_wconf 87' lang='lat'>1.</span> <span class='ocrx_word' id='word_1_116' title='bbox 264 2327 327 2389; x_wconf 91' lang='lat' dir='ltr'>Or.,</span> <span class='ocrx_word' id='word_1_117' title='bbox 345 2329 388 2389; x_wconf 82' lang='lat'>64,</span> <span class='ocrx_word' id='word_1_118' title='bbox 406 2328 467 2380; x_wconf 81' lang='lat'><strong>215.</strong></span> 
     </span>
    </p>

    <p class='ocr_par' dir='ltr' id='par_1_6' title="bbox 220 2408 538 2469">
     <span class='ocr_line' id='line_1_17' title="bbox 220 2408 538 2469; baseline 0.003 -11"><span class='ocrx_word' id='word_1_119' title='bbox 220 2409 246 2460; x_wconf 78' lang='grc'>2.</span> <span class='ocrx_word' id='word_1_120' title='bbox 264 2408 325 2468; x_wconf 68' lang='lat' dir='ltr'>Or„</span> <span class='ocrx_word' id='word_1_121' title='bbox 343 2409 385 2469; x_wconf 90' lang='grc'>64,</span> <span class='ocrx_word' id='word_1_122' title='bbox 406 2409 538 2461; x_wconf 81' lang='lat'><strong>215-218.</strong></span> 
     </span>
    </p>

    <p class='ocr_par' dir='ltr' id='par_1_7' title="bbox 185 2488 1252 3040">
     <span class='ocr_line' id='line_1_18' title="bbox 220 2488 1251 2560; baseline 0.002 -21"><span class='ocrx_word' id='word_1_123' title='bbox 220 2490 245 2540; x_wconf 90' lang='lat'>3.</span> <span class='ocrx_word' id='word_1_124' title='bbox 266 2489 336 2540; x_wconf 90' lang='lat' dir='ltr'>Viro</span> <span class='ocrx_word' id='word_1_125' title='bbox 347 2488 515 2542; x_wconf 90' lang='lat' dir='ltr'>doctissimo</span> <span class='ocrx_word' id='word_1_126' title='bbox 526 2489 562 2540; x_wconf 90' lang='lat' dir='ltr'>H.</span> <span class='ocrx_word' id='word_1_127' title='bbox 575 2489 742 2559; x_wconf 89' lang='lat' dir='ltr'>Bornecque</span> <span class='ocrx_word' id='word_1_128' title='bbox 757 2489 893 2543; x_wconf 83' lang='lat' dir='ltr'>adsentiri</span> <span class='ocrx_word' id='word_1_129' title='bbox 905 2507 960 2543; x_wconf 91' lang='lat' dir='ltr'>non</span> <span class='ocrx_word' id='word_1_130' title='bbox 970 2507 1087 2560; x_wconf 88' lang='lat' dir='ltr'>possum</span> <span class='ocrx_word' id='word_1_131' title='bbox 1099 2490 1167 2542; x_wconf 88' lang='lat' dir='ltr'>haec</span> <span class='ocrx_word' id='word_1_132' title='bbox 1179 2491 1251 2542; x_wconf 88' lang='lat' dir='ltr'>scri-</span> 
     </span>
     <span class='ocr_line' id='line_1_19' title="bbox 186 2567 1251 2640; baseline 0.002 -20"><span class='ocrx_word' id='word_1_133' title='bbox 186 2567 281 2621; x_wconf 88' lang='lat' dir='ltr'>benti:</span> <span class='ocrx_word' id='word_1_134' title='bbox 303 2588 315 2618; x_wconf 76' lang='lat' dir='ltr'>a</span> <span class='ocrx_word' id='word_1_135' title='bbox 336 2568 380 2620; x_wconf 91' lang='lat' dir='ltr'>Un</span> <span class='ocrx_word' id='word_1_136' title='bbox 398 2568 510 2621; x_wconf 90' lang='lat' dir='ltr'>homme</span> <span class='ocrx_word' id='word_1_137' title='bbox 531 2569 676 2636; x_wconf 79' lang='lat' dir='ltr'>(Ciceron)</span> <span class='ocrx_word' id='word_1_138' title='bbox 696 2571 754 2640; x_wconf 91' lang='lat' dir='ltr'>qui,</span> <span class='ocrx_word' id='word_1_139' title='bbox 777 2580 860 2640; x_wconf 85' lang='lat' dir='ltr'>ayant</span> <span class='ocrx_word' id='word_1_140' title='bbox 882 2575 897 2622; x_wconf 79' lang='lat' dir='ltr'>a</span> <span class='ocrx_word' id='word_1_141' title='bbox 919 2571 1015 2640; x_wconf 89' lang='lat' dir='ltr'>parler</span> <span class='ocrx_word' id='word_1_142' title='bbox 1035 2570 1086 2622; x_wconf 90' lang='lat' dir='ltr'>des</span> <span class='ocrx_word' id='word_1_143' title='bbox 1109 2571 1251 2624; x_wconf 79' lang='lat' dir='ltr'>clausulas</span> 
     </span>
     <span class='ocr_line' id='line_1_20' title="bbox 188 2649 1252 2721; baseline 0.003 -22"><span class='ocrx_word' id='word_1_144' title='bbox 188 2669 199 2698; x_wconf 72' lang='lat' dir='ltr'>a</span> <span class='ocrx_word' id='word_1_145' title='bbox 221 2649 386 2719; x_wconf 70' lang='lat' dir='ltr'>matriqueS,</span> <span class='ocrx_word' id='word_1_146' title='bbox 410 2650 478 2702; x_wconf 87' lang='lat' dir='ltr'>s’est</span> <span class='ocrx_word' id='word_1_147' title='bbox 503 2649 589 2702; x_wconf 85' lang='lat' dir='ltr'>horne&#39;</span> <span class='ocrx_word' id='word_1_148' title='bbox 610 2649 629 2701; x_wconf 88' lang='grc' dir='ltr'><em>ὰ</em></span> <span class='ocrx_word' id='word_1_149' title='bbox 653 2649 783 2703; x_wconf 82' lang='lat' dir='ltr'>traduire</span> <span class='ocrx_word' id='word_1_150' title='bbox 807 2649 941 2711; x_wconf 85' lang='lat' dir='ltr'>Aristote,</span> <span class='ocrx_word' id='word_1_151' title='bbox 966 2669 1000 2702; x_wconf 89' lang='lat' dir='ltr'>au</span> <span class='ocrx_word' id='word_1_152' title='bbox 1022 2651 1079 2703; x_wconf 91' lang='lat' dir='ltr'>lieu</span> <span class='ocrx_word' id='word_1_153' title='bbox 1101 2652 1252 2721; x_wconf 83' lang='lat' dir='ltr'>d’exposer</span> 
     </span>
     <span class='ocr_line' id='line_1_21' title="bbox 188 2730 1251 2800; baseline 0.006 -23"><span class='ocrx_word' id='word_1_154' title='bbox 188 2749 200 2777; x_wconf 82' lang='lat' dir='ltr'>c</span> <span class='ocrx_word' id='word_1_155' title='bbox 220 2739 473 2798; x_wconf 85' lang='lat' dir='ltr'>courageusement</span> <span class='ocrx_word' id='word_1_156' title='bbox 488 2730 530 2782; x_wconf 87' lang='lat' dir='ltr'>les</span> <span class='ocrx_word' id='word_1_157' title='bbox 545 2730 641 2800; x_wconf 79' lang='lat' dir='ltr'>regles</span> <span class='ocrx_word' id='word_1_158' title='bbox 658 2731 726 2800; x_wconf 91' lang='lat' dir='ltr'>qu&#39;il</span> <span class='ocrx_word' id='word_1_159' title='bbox 742 2731 815 2782; x_wconf 86' lang='lat' dir='ltr'>avait</span> <span class='ocrx_word' id='word_1_160' title='bbox 830 2731 936 2782; x_wconf 90' lang='lat' dir='ltr'>suivies</span> <span class='ocrx_word' id='word_1_161' title='bbox 953 2752 964 2780; x_wconf 82' lang='lat' dir='ltr'>u</span> <span class='ocrx_word' id='word_1_162' title='bbox 982 2732 1086 2798; x_wconf 81' lang='lat' dir='ltr'>(Revue</span> <span class='ocrx_word' id='word_1_163' title='bbox 1102 2730 1137 2783; x_wconf 84' lang='lat' dir='ltr'>de</span> <span class='ocrx_word' id='word_1_164' title='bbox 1151 2731 1251 2783; x_wconf 84' lang='lat' dir='ltr'>Philo-</span> 
     </span>
     <span class='ocr_line' id='line_1_22' title="bbox 187 2810 1251 2880; baseline 0.003 -19"><span class='ocrx_word' id='word_1_165' title='bbox 187 2810 266 2880; x_wconf 82' lang='lat' dir='ltr'>legr&#39;e‚</span> <span class='ocrx_word' id='word_1_166' title='bbox 296 2810 396 2871; x_wconf 83' lang='lat' dir='ltr'>XXIX,</span> <span class='ocrx_word' id='word_1_167' title='bbox 425 2811 504 2871; x_wconf 83' lang='lat'>1905,</span> <span class='ocrx_word' id='word_1_168' title='bbox 534 2831 562 2880; x_wconf 88' lang='lat' dir='ltr'>p.</span> <span class='ocrx_word' id='word_1_169' title='bbox 594 2811 649 2878; x_wconf 87' lang='grc'>50).</span> <span class='ocrx_word' id='word_1_170' title='bbox 678 2811 719 2863; x_wconf 92' lang='lat' dir='ltr'>De</span> <span class='ocrx_word' id='word_1_171' title='bbox 747 2811 883 2863; x_wconf 87' lang='lat' dir='ltr'>dichoreo</span> <span class='ocrx_word' id='word_1_172' title='bbox 909 2811 991 2872; x_wconf 91' lang='lat' dir='ltr'>enim,</span> <span class='ocrx_word' id='word_1_173' title='bbox 1016 2811 1050 2863; x_wconf 89' lang='lat' dir='ltr'>de</span> <span class='ocrx_word' id='word_1_174' title='bbox 1074 2813 1190 2872; x_wconf 89' lang='lat' dir='ltr'>cretico,</span> <span class='ocrx_word' id='word_1_175' title='bbox 1217 2813 1251 2864; x_wconf 91' lang='lat' dir='ltr'>de</span> 
     </span>
     <span class='ocr_line' id='line_1_23' title="bbox 186 2890 1251 2960; baseline 0.004 -20"><span class='ocrx_word' id='word_1_176' title='bbox 186 2891 329 2960; x_wconf 89' lang='lat' dir='ltr'>spondaeo</span> <span class='ocrx_word' id='word_1_177' title='bbox 357 2893 453 2960; x_wconf 90' lang='lat' dir='ltr'>(quem</span> <span class='ocrx_word' id='word_1_178' title='bbox 481 2900 548 2960; x_wconf 90' lang='lat' dir='ltr'>post</span> <span class='ocrx_word' id='word_1_179' title='bbox 576 2908 710 2960; x_wconf 90' lang='lat' dir='ltr'>paeanem</span> <span class='ocrx_word' id='word_1_180' title='bbox 737 2891 840 2943; x_wconf 90' lang='lat' dir='ltr'>Cicero</span> <span class='ocrx_word' id='word_1_181' title='bbox 867 2891 992 2960; x_wconf 88' lang='lat' dir='ltr'>probat),</span> <span class='ocrx_word' id='word_1_182' title='bbox 1018 2890 1191 2942; x_wconf 89' lang='lat' dir='ltr'>Aristoteles</span> <span class='ocrx_word' id='word_1_183' title='bbox 1217 2909 1251 2944; x_wconf 90' lang='lat' dir='ltr'>ne</span> 
     </span>
     <span class='ocr_line' id='line_1_24' title="bbox 185 2969 575 3040; baseline 0.005 -20"><span class='ocrx_word' id='word_1_184' title='bbox 185 2970 354 3023; x_wconf 85' lang='lat' dir='ltr'>mentionem</span> <span class='ocrx_word' id='word_1_185' title='bbox 370 2970 484 3040; x_wconf 91' lang='lat' dir='ltr'>quidem</span> <span class='ocrx_word' id='word_1_186' title='bbox 500 2969 575 3022; x_wconf 88' lang='lat' dir='ltr'>fecit.</span> 
     </span>
    </p>

    <p class='ocr_par' dir='ltr' id='par_1_8' title="bbox 185 3048 1252 4234">
     <span class='ocr_line' id='line_1_25' title="bbox 220 3048 1252 3120; baseline 0.001 -20"><span class='ocrx_word' id='word_1_187' title='bbox 220 3050 245 3100; x_wconf 95' lang='grc'>4.</span> <span class='ocrx_word' id='word_1_188' title='bbox 267 3048 361 3102; x_wconf 91' lang='lat' dir='ltr'>Rhodi</span> <span class='ocrx_word' id='word_1_189' title='bbox 378 3050 492 3102; x_wconf 89' lang='lat' dir='ltr'>scholas</span> <span class='ocrx_word' id='word_1_190' title='bbox 501 3050 679 3120; x_wconf 86' lang='lat' dir='ltr'>eloquentiae</span> <span class='ocrx_word' id='word_1_191' title='bbox 688 3049 890 3102; x_wconf 85' lang='lat' dir='ltr'>celeberrimas</span> <span class='ocrx_word' id='word_1_192' title='bbox 900 3051 989 3102; x_wconf 85' lang='lat' dir='ltr'>luisse</span> <span class='ocrx_word' id='word_1_193' title='bbox 1001 3051 1116 3120; x_wconf 75' lang='lat' dir='ltr'>egregie</span> <span class='ocrx_word' id='word_1_194' title='bbox 1127 3050 1252 3102; x_wconf 87' lang='lat' dir='ltr'>ostendit</span> 
     </span>
     <span class='ocr_line' id='line_1_26' title="bbox 186 3128 1249 3200; baseline 0.001 -20"><span class='ocrx_word' id='word_1_195' title='bbox 186 3129 274 3190; x_wconf 88' lang='lat' dir='ltr'>Marx,</span> <span class='ocrx_word' id='word_1_196' title='bbox 292 3128 332 3182; x_wconf 84' lang='lat' dir='ltr'>ad</span> <span class='ocrx_word' id='word_1_197' title='bbox 346 3131 413 3182; x_wconf 87' lang='lat' dir='ltr'>Her.</span> <span class='ocrx_word' id='word_1_198' title='bbox 431 3128 554 3199; x_wconf 64' lang='lat' dir='ltr'>Proleg„</span> <span class='ocrx_word' id='word_1_199' title='bbox 574 3149 601 3200; x_wconf 89' lang='lat' dir='ltr'>p.</span> <span class='ocrx_word' id='word_1_200' title='bbox 619 3131 688 3186; x_wconf 80' lang='lat'>157;</span> <span class='ocrx_word' id='word_1_201' title='bbox 710 3131 755 3181; x_wconf 91' lang='lat' dir='ltr'>cui</span> <span class='ocrx_word' id='word_1_202' title='bbox 771 3148 826 3182; x_wconf 93' lang='lat' dir='ltr'>non</span> <span class='ocrx_word' id='word_1_203' title='bbox 841 3130 918 3181; x_wconf 88' lang='lat' dir='ltr'>nulla</span> <span class='ocrx_word' id='word_1_204' title='bbox 934 3130 1043 3182; x_wconf 87' lang='lat' dir='ltr'>addidit</span> <span class='ocrx_word' id='word_1_205' title='bbox 1057 3131 1106 3181; x_wconf 90' lang='lat' dir='ltr'>W.</span> <span class='ocrx_word' id='word_1_206' title='bbox 1125 3131 1249 3188; x_wconf 91' lang='lat' dir='ltr'>Schmid,</span> 
     </span>
     <span class='ocr_line' id='line_1_27' title="bbox 189 3207 1251 3280; baseline 0.002 -20"><span class='ocrx_word' id='word_1_207' title='bbox 189 3208 279 3262; x_wconf 86' lang='lat' dir='ltr'>Ueher</span> <span class='ocrx_word' id='word_1_208' title='bbox 298 3208 350 3262; x_wconf 88' lang='lat' dir='ltr'>der</span> <span class='ocrx_word' id='word_1_209' title='bbox 369 3207 705 3279; x_wconf 82' lang='lat' dir='ltr'>hulturgeschr&#39;chtlichen</span> <span class='ocrx_word' id='word_1_210' title='bbox 721 3209 971 3280; x_wconf 80' lang='lat' dir='ltr'>Zusammenhong</span> <span class='ocrx_word' id='word_1_211' title='bbox 990 3209 1048 3262; x_wconf 84' lang='lat' dir='ltr'>und</span> <span class='ocrx_word' id='word_1_212' title='bbox 1069 3209 1117 3262; x_wconf 84' lang='lat' dir='ltr'>die</span> <span class='ocrx_word' id='word_1_213' title='bbox 1137 3209 1251 3262; x_wconf 83' lang='lat' dir='ltr'>Bedeu-</span> 
     </span>
     <span class='ocr_line' id='line_1_28' title="bbox 186 3288 1249 3359; baseline 0 -19"><span class='ocrx_word' id='word_1_214' title='bbox 186 3297 254 3359; x_wconf 80' lang='lat' dir='ltr'>teng</span> <span class='ocrx_word' id='word_1_215' title='bbox 270 3288 322 3342; x_wconf 89' lang='lat' dir='ltr'>der</span> <span class='ocrx_word' id='word_1_216' title='bbox 335 3288 531 3358; x_wconf 79' lang='lat' dir='ltr'>griechischen</span> <span class='ocrx_word' id='word_1_217' title='bbox 546 3289 742 3342; x_wconf 84' lang='lat' dir='ltr'>Renar&#39;ssance</span> <span class='ocrx_word' id='word_1_218' title='bbox 759 3289 788 3342; x_wconf 83' lang='lat' dir='ltr'>in</span> <span class='ocrx_word' id='word_1_219' title='bbox 804 3289 855 3342; x_wconf 87' lang='lat' dir='ltr'>der</span> <span class='ocrx_word' id='word_1_220' title='bbox 867 3289 1033 3348; x_wconf 75' lang='lat' dir='ltr'>Romerzer&#39;t,</span> <span class='ocrx_word' id='word_1_221' title='bbox 1052 3308 1080 3359; x_wconf 88' lang='lat' dir='ltr'>p.</span> <span class='ocrx_word' id='word_1_222' title='bbox 1096 3291 1190 3350; x_wconf 87' lang='lat'>11-13,</span> <span class='ocrx_word' id='word_1_223' title='bbox 1207 3291 1249 3340; x_wconf 82' lang='lat'>41.</span> 
     </span>
     <span class='ocr_line' id='line_1_29' title="bbox 186 3369 1249 3439; baseline -0.001 -19"><span class='ocrx_word' id='word_1_224' title='bbox 186 3369 362 3439; x_wconf 85' lang='lat' dir='ltr'>Negaverant</span> <span class='ocrx_word' id='word_1_225' title='bbox 376 3378 457 3421; x_wconf 89' lang='lat' dir='ltr'>antea</span> <span class='ocrx_word' id='word_1_226' title='bbox 471 3370 524 3420; x_wconf 86' lang='lat' dir='ltr'>viri</span> <span class='ocrx_word' id='word_1_227' title='bbox 540 3369 710 3428; x_wconf 88' lang='lat' dir='ltr'>doctissimi,</span> <span class='ocrx_word' id='word_1_228' title='bbox 727 3389 752 3420; x_wconf 84' lang='lat' dir='ltr'>v.</span> <span class='ocrx_word' id='word_1_229' title='bbox 768 3388 795 3439; x_wconf 86' lang='lat' dir='ltr'>g.</span> <span class='ocrx_word' id='word_1_230' title='bbox 810 3369 893 3430; x_wconf 91' lang='lat' dir='ltr'>Jebb,</span> <span class='ocrx_word' id='word_1_231' title='bbox 911 3369 967 3422; x_wconf 87' lang='lat' dir='ltr'>The</span> <span class='ocrx_word' id='word_1_232' title='bbox 980 3370 1056 3422; x_wconf 81' lang='lat' dir='ltr'>Attic</span> <span class='ocrx_word' id='word_1_233' title='bbox 1072 3371 1199 3429; x_wconf 85' lang='lat' dir='ltr'>Orators,</span> <span class='ocrx_word' id='word_1_234' title='bbox 1213 3370 1249 3430; x_wconf 89' lang='lat' dir='ltr'>ll,</span> 
     </span>
     <span class='ocr_line' id='line_1_30' title="bbox 185 3448 1252 3518; baseline 0 -18"><span class='ocrx_word' id='word_1_235' title='bbox 185 3468 212 3518; x_wconf 87' lang='lat' dir='ltr'>p.</span> <span class='ocrx_word' id='word_1_236' title='bbox 229 3450 290 3502; x_wconf 87' lang='grc'>447.</span> <span class='ocrx_word' id='word_1_237' title='bbox 309 3449 486 3501; x_wconf 90' lang='lat' dir='ltr'>Rhodiorum</span> <span class='ocrx_word' id='word_1_238' title='bbox 503 3449 597 3500; x_wconf 87' lang='lat' dir='ltr'>studia</span> <span class='ocrx_word' id='word_1_239' title='bbox 612 3448 755 3501; x_wconf 87' lang='lat' dir='ltr'>rhetorica</span> <span class='ocrx_word' id='word_1_240' title='bbox 768 3450 886 3501; x_wconf 83' lang='lat' dir='ltr'>maxime</span> <span class='ocrx_word' id='word_1_241' title='bbox 898 3459 1048 3501; x_wconf 90' lang='lat' dir='ltr'>extenuare</span> <span class='ocrx_word' id='word_1_242' title='bbox 1062 3459 1179 3502; x_wconf 87' lang='lat' dir='ltr'>conatus</span> <span class='ocrx_word' id='word_1_243' title='bbox 1192 3459 1252 3501; x_wconf 87' lang='lat' dir='ltr'>erat</span> 
     </span>
     <span class='ocr_line' id='line_1_31' title="bbox 185 3527 1249 3599; baseline 0.001 -20"><span class='ocrx_word' id='word_1_244' title='bbox 185 3529 312 3582; x_wconf 79' lang='lat' dir='ltr'>Brzoslia</span> <span class='ocrx_word' id='word_1_245' title='bbox 336 3531 389 3596; x_wconf 86' lang='lat' dir='ltr'>(De</span> <span class='ocrx_word' id='word_1_246' title='bbox 414 3546 521 3581; x_wconf 82' lang='lat' dir='ltr'>canone</span> <span class='ocrx_word' id='word_1_247' title='bbox 545 3527 641 3580; x_wconf 85' lang='lat' dir='ltr'>decem</span> <span class='ocrx_word' id='word_1_248' title='bbox 666 3537 812 3581; x_wconf 87' lang='lat' dir='ltr'>oratorum</span> <span class='ocrx_word' id='word_1_249' title='bbox 834 3528 994 3588; x_wconf 81' lang='lat' dir='ltr'>atticorum,</span> <span class='ocrx_word' id='word_1_250' title='bbox 1019 3548 1046 3599; x_wconf 90' lang='lat' dir='ltr'>p.</span> <span class='ocrx_word' id='word_1_251' title='bbox 1073 3530 1115 3589; x_wconf 83' lang='grc'>42,</span> <span class='ocrx_word' id='word_1_252' title='bbox 1140 3530 1183 3590; x_wconf 90' lang='grc'>44,</span> <span class='ocrx_word' id='word_1_253' title='bbox 1207 3530 1249 3589; x_wconf 90' lang='grc'>46,</span> 
     </span>
     <span class='ocr_line' id='line_1_32' title="bbox 186 3607 1252 3679; baseline -0.001 -19"><span class='ocrx_word' id='word_1_254' title='bbox 186 3610 227 3669; x_wconf 80' lang='lat'>52,</span> <span class='ocrx_word' id='word_1_255' title='bbox 258 3611 313 3676; x_wconf 83' lang='lat'>97),</span> <span class='ocrx_word' id='word_1_256' title='bbox 345 3609 403 3679; x_wconf 91' lang='lat' dir='ltr'>qui,</span> <span class='ocrx_word' id='word_1_257' title='bbox 434 3618 500 3678; x_wconf 90' lang='lat' dir='ltr'>post</span> <span class='ocrx_word' id='word_1_258' title='bbox 526 3607 733 3662; x_wconf 79' lang='lat' dir='ltr'>Reifferscheid</span> <span class='ocrx_word' id='word_1_259' title='bbox 759 3609 926 3678; x_wconf 87' lang='lat' dir='ltr'>magistrum</span> <span class='ocrx_word' id='word_1_260' title='bbox 951 3627 1042 3670; x_wconf 91' lang='lat' dir='ltr'>suum,</span> <span class='ocrx_word' id='word_1_261' title='bbox 1070 3609 1252 3678; x_wconf 88' lang='lat' dir='ltr'>Pergamenis</span> 
     </span>
     <span class='ocr_line' id='line_1_33' title="bbox 185 3687 1251 3759; baseline -0.002 -19"><span class='ocrx_word' id='word_1_262' title='bbox 185 3707 268 3759; x_wconf 89' lang='lat' dir='ltr'>quam</span> <span class='ocrx_word' id='word_1_263' title='bbox 296 3689 450 3759; x_wconf 89' lang='lat' dir='ltr'>plurimum</span> <span class='ocrx_word' id='word_1_264' title='bbox 477 3687 630 3740; x_wconf 90' lang='lat' dir='ltr'>tribuebat.</span> <span class='ocrx_word' id='word_1_265' title='bbox 657 3689 736 3740; x_wconf 91' lang='lat' dir='ltr'>Nunc</span> <span class='ocrx_word' id='word_1_266' title='bbox 762 3707 828 3741; x_wconf 86' lang='lat' dir='ltr'>vero</span> <span class='ocrx_word' id='word_1_267' title='bbox 856 3698 965 3740; x_wconf 89' lang='lat' dir='ltr'>constat</span> <span class='ocrx_word' id='word_1_268' title='bbox 994 3690 1184 3758; x_wconf 87' lang='lat' dir='ltr'>Pergamenos</span> <span class='ocrx_word' id='word_1_269' title='bbox 1217 3689 1251 3739; x_wconf 89' lang='lat' dir='ltr'>ad</span> 
     </span>
     <span class='ocr_line' id='line_1_34' title="bbox 186 3767 1252 3838; baseline -0.002 -18"><span class='ocrx_word' id='word_1_270' title='bbox 186 3769 366 3821; x_wconf 87' lang='lat' dir='ltr'>excolendam</span> <span class='ocrx_word' id='word_1_271' title='bbox 394 3767 565 3820; x_wconf 88' lang='lat' dir='ltr'>rhetoricam</span> <span class='ocrx_word' id='word_1_272' title='bbox 594 3777 657 3820; x_wconf 92' lang='lat' dir='ltr'>ante</span> <span class='ocrx_word' id='word_1_273' title='bbox 685 3767 855 3838; x_wconf 83' lang='lat' dir='ltr'>Apollodori</span> <span class='ocrx_word' id='word_1_274' title='bbox 884 3777 1004 3821; x_wconf 89' lang='lat' dir='ltr'>aetatem</span> <span class='ocrx_word' id='word_1_275' title='bbox 1031 3778 1079 3820; x_wconf 89' lang='lat' dir='ltr'>aut</span> <span class='ocrx_word' id='word_1_276' title='bbox 1106 3767 1179 3819; x_wconf 90' lang='lat' dir='ltr'>nihil</span> <span class='ocrx_word' id='word_1_277' title='bbox 1204 3777 1252 3819; x_wconf 92' lang='lat' dir='ltr'>aut</span> 
     </span>
     <span class='ocr_line' id='line_1_35' title="bbox 185 3848 1251 3918; baseline 0 -18"><span class='ocrx_word' id='word_1_278' title='bbox 185 3867 284 3918; x_wconf 91' lang='lat' dir='ltr'>parum</span> <span class='ocrx_word' id='word_1_279' title='bbox 306 3849 472 3901; x_wconf 88' lang='lat' dir='ltr'>contulisse.</span> <span class='ocrx_word' id='word_1_280' title='bbox 496 3848 612 3899; x_wconf 92' lang='lat' dir='ltr'>Nullum</span> <span class='ocrx_word' id='word_1_281' title='bbox 638 3848 751 3900; x_wconf 89' lang='lat' dir='ltr'>omnino</span> <span class='ocrx_word' id='word_1_282' title='bbox 775 3849 910 3900; x_wconf 91' lang='lat' dir='ltr'>indicium</span> <span class='ocrx_word' id='word_1_283' title='bbox 934 3858 978 3901; x_wconf 88' lang='lat' dir='ltr'>est</span> <span class='ocrx_word' id='word_1_284' title='bbox 1003 3866 1058 3918; x_wconf 92' lang='lat' dir='ltr'>quo</span> <span class='ocrx_word' id='word_1_285' title='bbox 1085 3849 1126 3900; x_wconf 90' lang='lat' dir='ltr'>eis</span> <span class='ocrx_word' id='word_1_286' title='bbox 1149 3848 1251 3900; x_wconf 91' lang='lat' dir='ltr'>Cicero</span> 
     </span>
     <span class='ocr_line' id='line_1_36' title="bbox 186 3926 1251 4000; baseline -0.001 -22"><span class='ocrx_word' id='word_1_287' title='bbox 186 3929 336 4000; x_wconf 91' lang='lat' dir='ltr'>quicquam</span> <span class='ocrx_word' id='word_1_288' title='bbox 359 3927 495 3981; x_wconf 90' lang='lat' dir='ltr'>debuisse</span> <span class='ocrx_word' id='word_1_289' title='bbox 520 3928 696 3980; x_wconf 90' lang='lat' dir='ltr'>ostendatur.</span> <span class='ocrx_word' id='word_1_290' title='bbox 722 3959 758 3966; x_wconf 97' lang='lat'><em>-</em></span> <span class='ocrx_word' id='word_1_291' title='bbox 781 3929 886 3992; x_wconf 89' lang='lat' dir='ltr'>Quanti</span> <span class='ocrx_word' id='word_1_292' title='bbox 911 3947 926 3980; x_wconf 88' lang='lat' dir='ltr'>a</span> <span class='ocrx_word' id='word_1_293' title='bbox 950 3928 1047 3979; x_wconf 85' lang='lat' dir='ltr'>multis</span> <span class='ocrx_word' id='word_1_294' title='bbox 1070 3928 1151 3980; x_wconf 91' lang='lat' dir='ltr'>fieret</span> <span class='ocrx_word' id='word_1_295' title='bbox 1173 3926 1251 3978; x_wconf 92' lang='lat' dir='ltr'>Rho-</span> 
     </span>
     <span class='ocr_line' id='line_1_37' title="bbox 186 4007 1251 4076; baseline -0.001 -18"><span class='ocrx_word' id='word_1_296' title='bbox 186 4007 297 4060; x_wconf 88' lang='lat' dir='ltr'>diorum</span> <span class='ocrx_word' id='word_1_297' title='bbox 310 4008 453 4060; x_wconf 88' lang='lat' dir='ltr'>institutio</span> <span class='ocrx_word' id='word_1_298' title='bbox 468 4008 602 4068; x_wconf 88' lang='lat' dir='ltr'>oratoria,</span> <span class='ocrx_word' id='word_1_299' title='bbox 616 4007 781 4060; x_wconf 90' lang='lat' dir='ltr'>Laterensis</span> <span class='ocrx_word' id='word_1_300' title='bbox 793 4007 962 4076; x_wconf 82' lang='lat' dir='ltr'>significavit</span> <span class='ocrx_word' id='word_1_301' title='bbox 973 4026 1035 4059; x_wconf 91' lang='lat' dir='ltr'>cum</span> <span class='ocrx_word' id='word_1_302' title='bbox 1047 4025 1128 4058; x_wconf 89' lang='lat' dir='ltr'>suum</span> <span class='ocrx_word' id='word_1_303' title='bbox 1140 4007 1251 4058; x_wconf 90' lang='lat' dir='ltr'>dicendi</span> 
     </span>
     <span class='ocr_line' id='line_1_38' title="bbox 187 4087 1248 4157; baseline -0.002 -19"><span class='ocrx_word' id='word_1_304' title='bbox 187 4088 384 4156; x_wconf 81' lang='lat' dir='ltr'>genus&#39;ironia</span> <span class='ocrx_word' id='word_1_305' title='bbox 403 4088 523 4157; x_wconf 90' lang='lat' dir='ltr'>quadam</span> <span class='ocrx_word' id='word_1_306' title='bbox 543 4105 681 4140; x_wconf 87' lang='lat' dir='ltr'>excusans</span> <span class='ocrx_word' id='word_1_307' title='bbox 701 4088 772 4139; x_wconf 88' lang='lat' dir='ltr'>dixit</span> <span class='ocrx_word' id='word_1_308' title='bbox 790 4107 794 4138; x_wconf 92' lang='lat'>:</span> <span class='ocrx_word' id='word_1_309' title='bbox 814 4107 826 4136; x_wconf 81' lang='lat' dir='ltr'>c</span> <span class='ocrx_word' id='word_1_310' title='bbox 843 4087 937 4140; x_wconf 90' lang='lat' dir='ltr'>Rhodi</span> <span class='ocrx_word' id='word_1_311' title='bbox 952 4088 1026 4140; x_wconf 90' lang='lat' dir='ltr'>enim</span> <span class='ocrx_word' id='word_1_312' title='bbox 1041 4105 1095 4156; x_wconf 88' lang='lat' dir='ltr'>ego</span> <span class='ocrx_word' id='word_1_313' title='bbox 1109 4104 1165 4139; x_wconf 91' lang='lat' dir='ltr'>non</span> <span class='ocrx_word' id='word_1_314' title='bbox 1179 4087 1219 4138; x_wconf 89' lang='lat' dir='ltr'>sui</span> <span class='ocrx_word' id='word_1_315' title='bbox 1237 4107 1248 4136; x_wconf 85' lang='lat' dir='ltr'>r</span> 
     </span>
     <span class='ocr_line' id='line_1_39' title="bbox 186 4167 439 4234; baseline -0.004 -15"><span class='ocrx_word' id='word_1_316' title='bbox 186 4167 300 4234; x_wconf 73' lang='lat' dir='ltr'>(Plane,</span> <span class='ocrx_word' id='word_1_317' title='bbox 321 4168 364 4227; x_wconf 82' lang='lat'>34,</span> <span class='ocrx_word' id='word_1_318' title='bbox 384 4168 439 4234; x_wconf 86' lang='lat'><strong>84).</strong></span> 
     </span>
    </p>

    <p class='ocr_par' dir='ltr' id='par_1_9' title="bbox 221 4248 499 4308">
     <span class='ocr_line' id='line_1_40' title="bbox 221 4248 499 4308; baseline 0 -10"><span class='ocrx_word' id='word_1_319' title='bbox 221 4248 246 4298; x_wconf 89' lang='lat'>5.</span> <span class='ocrx_word' id='word_1_320' title='bbox 267 4248 359 4308; x_wconf 72' lang='lat' dir='ltr'>Brut,</span> <span class='ocrx_word' id='word_1_321' title='bbox 377 4248 420 4307; x_wconf 84' lang='lat'>91,</span> <span class='ocrx_word' id='word_1_322' title='bbox 437 4248 499 4299; x_wconf 86' lang='grc'>316.</span> 
     </span>
    </p>

    <p class='ocr_par' dir='ltr' id='par_1_10' title="bbox 221 4325 1195 4397">
     <span class='ocr_line' id='line_1_41' title="bbox 221 4325 1195 4397; baseline -0.003 -19"><span class='ocrx_word' id='word_1_323' title='bbox 221 4327 246 4378; x_wconf 88' lang='grc'>6.</span> <span class='ocrx_word' id='word_1_324' title='bbox 267 4326 388 4380; x_wconf 86' lang='lat' dir='ltr'>Videtur</span> <span class='ocrx_word' id='word_1_325' title='bbox 401 4327 463 4397; x_wconf 91' lang='lat' dir='ltr'>ipse</span> <span class='ocrx_word' id='word_1_326' title='bbox 479 4325 557 4379; x_wconf 91' lang='lat' dir='ltr'>Molo</span> <span class='ocrx_word' id='word_1_327' title='bbox 573 4335 661 4378; x_wconf 85' lang='lat' dir='ltr'>artem</span> <span class='ocrx_word' id='word_1_328' title='bbox 676 4326 839 4396; x_wconf 89' lang='lat' dir='ltr'>scripsisse.</span> <span class='ocrx_word' id='word_1_329' title='bbox 856 4325 899 4377; x_wconf 88' lang='lat' dir='ltr'>Cl.</span> <span class='ocrx_word' id='word_1_330' title='bbox 917 4326 1049 4390; x_wconf 90' lang='lat' dir='ltr'>Quintil,</span> <span class='ocrx_word' id='word_1_331' title='bbox 1067 4327 1092 4386; x_wconf 88' lang='grc'>3,</span> <span class='ocrx_word' id='word_1_332' title='bbox 1109 4326 1134 4386; x_wconf 91' lang='grc'>1,</span> <span class='ocrx_word' id='word_1_333' title='bbox 1153 4327 1195 4376; x_wconf 92' lang='grc'>16.</span> 
     </span>
    </p>
   </div>
   <div class='ocr_carea' id='block_1_5' title="bbox 1104 4449 1118 4491">
    <p class='ocr_par' dir='ltr' id='par_1_11' title="bbox 1104 4449 1118 4491">
     <span class='ocr_line' id='line_1_42' title="bbox 1104 4449 1118 4491; baseline 0 0"><span class='ocrx_word' id='word_1_334' title='bbox 1104 4449 1118 4491; x_wconf 85' lang='grc'>6</span> 
     </span>
    </p>
   </div>
   <div class='ocr_carea' id='block_1_6' title="bbox 0 0 1536 5050">
    <p class='ocr_par' dir='ltr' id='par_1_12' title="bbox 0 0 1536 5050">
     <span class='ocr_line' id='line_1_43' title="bbox 0 0 1536 5050; baseline 0 0"><span class='ocrx_word' id='word_1_335' title='bbox 0 0 1536 5050; x_wconf 95' lang='lat' dir='ltr'> </span> 
     </span>
    </p>
   </div>
  </div>
 </body>
</html>
