3062 5050
270 519 306 578 88
342 537 435 578 CAPUT
449 537 487 578 lv.
506 552 537 560 -
553 538 622 587 Qum
634 537 785 578 CICERONIS
798 537 829 578 IN
842 537 919 578 ARTE
932 537 1097 577 nflnroutcn
1110 537 1264 577 PROPlllUM

234 741 238 754 ,
316 672 464 740 Maxime
483 696 565 740 vero
585 672 785 743 Ciceronem
805 673 889 740 haec
909 672 1125 764 excogitasse
1145 671 1224 739 inde
1238 670 1336 739 vide-

271 799 327 856 tur
341 789 559 856 manifestum
573 788 664 880 quod
679 800 716 857 ut
730 789 764 856 in
780 789 916 870 ceteris,
930 788 979 855 sic
994 811 1128 880 quoque
1144 787 1179 854 iu
1194 786 1247 853 his
1262 810 1336 877 per-

272 905 350 972 fecti
384 905 531 972 oratoris
564 905 749 996 imaginem
785 906 827 973 ad
863 928 945 972 suae
978 904 1087 994 ipsius
1121 901 1336 994 eloquentiae

271 1043 424 1089 normam
440 1020 566 1111 redigit
578 1023 600 1087 ¹.
619 1022 715 1112 Quae
731 1021 820 1088 enim
840 1021 968 1089 oratori
987 1020 1202 1087 commendat
1217 1017 1337 1086 eadem

272 1137 345 1228 ipse
370 1136 536 1205 didicerat
556 1139 580 1203 2.
604 1136 870 1227 Philosophiam,
893 1136 960 1219 ius,
988 1135 1180 1219 historiam,
1206 1144 1332 1214 cetera,

272 1276 359 1344 quae
378 1253 413 1319 in
432 1252 529 1320 libris
552 1253 594 1320 de
614 1253 760 1320 Oratore
782 1251 1021 1342 cognoscenda
1040 1261 1166 1332 monet,
1190 1275 1227 1318 se
1250 1249 1337 1318 didi-

273 1368 362 1435 cisse
385 1367 420 1434 in
443 1371 548 1436 Bruto
574 1377 702 1435 narrat.
729 1371 834 1435 lmmo
856 1391 972 1434 earum
994 1391 1108 1434 rerum
1132 1366 1276 1435 scientia
1301 1389 1337 1433 se

272 1484 488 1574 praestitisse
504 1484 626 1551 ceteris
642 1495 676 1552 et
691 1485 820 1551 clarum
835 1483 989 1550 evasisse
1005 1507 1072 1550 non
1092 1482 1180 1550 celat
1197 1509 1205 1550 :

313 1627 394 1689 Nam
414 1647 486 1688 cum
506 1635 637 1709 propter
656 1626 882 1688 adsiduitatem
907 1625 939 1686 in
959 1625 1064 1688 causis
1084 1634 1116 1687 et
1136 1625 1336 1698 industriam,

272 1726 341 1779 tum
362 1723 494 1798 propter
513 1715 703 1798 exquisitius
719 1724 751 1776 et
765 1715 896 1776 minime
910 1715 1042 1798 volgare
1062 1715 1216 1776 orationis
1236 1733 1338 1798 genus

273 1805 398 1867 animos
409 1804 574 1865 hominum
590 1803 630 1864 ad
646 1824 695 1865 me
711 1803 837 1865 dicendi
853 1803 992 1866 novitate
1003 1812 1233 1866 converteram.
1246 1802 1340 1866 Nihil

274 1895 314 1956 de
338 1914 388 1953 mc
410 1893 518 1954 dicam
538 1915 548 1952 :
567 1893 675 1953 dicam
701 1893 740 1954 de
760 1886 888 1971 celeria,¹
914 1913 1049 1976 quorum
1072 1912 1166 1954 nemo
1191 1900 1260 1953 erat
1285 1891 1337 1974 qui

273 1982 434 2044 videretur
449 1981 638 2064 exquisitius
652 2002 747 2064 quam
761 1981 878 2065 volgus
893 1982 1058 2042 hominum
1075 1980 1238 2043 studuisse
1256 1981 1339 2040 ltue-

275 2073 332 2149 νίε,
359 2071 475 2153 quibus
503 2069 574 2132 fons
603 2070 764 2153 perlectae
793 2070 993 2153 eloquentiae
1023 2070 1214 2144 continetur,
1246 2089 1339 2131 nemo

274 2161 327 2244 qui
341 2160 588 2241 philosophiam
609 2159 795 2242 complexus
816 2167 913 2232 esset,
938 2169 1072 2222 matrem
1095 2159 1237 2219 omniurn
1260 2158 1340 2220 bene

274 2248 429 2310 factorum
449 2248 594 2330 beneque
609 2247 779 2322 dictorum⁷
796 2267 890 2310 nemo
910 2247 964 2329 qui
984 2248 1035 2307 ius
1052 2247 1144 2310 civile
1164 2246 1338 2321 didicisset,

275 2359 342 2400 rem
358 2337 397 2398 ad
413 2338 554 2421 privatas
570 2357 683 2399 causas
703 2346 735 2399 et
754 2336 794 2398 ad
814 2337 951 2400 oratoris
970 2336 1174 2420 prudentiam
1194 2356 1341 2398 maxume

275 2427 500 2501 necessariam,
532 2446 625 2488 nemo
654 2426 707 2509 qui
741 2429 933 2488 memoriam
967 2447 1079 2487 rerum
1112 2425 1341 2488 Romanarum

274 2524 408 2591 teneret,
426 2536 552 2598 exque,
571 2515 597 2576 si
613 2515 739 2598 quando
755 2535 836 2599 opus
856 2523 953 2589 esset,
970 2515 1010 2576 ab
1028 2513 1138 2577 inieris
1153 2512 1341 2595 locupletis-

276 2604 374 2666 simos
388 2612 488 2666 testea
504 2605 692 2667 excitaret...
710 2603 814 2679 Brut,
832 2609 881 2679 93,
898 2608 1046 2666 321-322.

323 2747 433 2838 Igitur
447 2747 649 2838 conquisitis
665 2747 836 2830 omnibus,
854 2769 1086 2839 quaecumque
1104 2747 1146 2814 ad
1165 2744 1342 2814 Ciceronis

276 2863 318 2931 de
344 2874 416 2930 arte
442 2862 610 2930 rhetorica
632 2863 759 2954 placita
780 2863 1003 2953 pertinerent,
1026 2886 1092 2930 non
1108 2861 1214 2928 multa
1233 2861 1343 2952 ipsius

277 2979 416 3071 propria
440 2977 600 3069 colligere
621 2979 727 3069 potui.
752 2981 878 3046 Errare
902 2989 1016 3046 tamen
1039 3001 1098 3046 eos
1119 2977 1267 3045 arbitror
1286 2977 1343 3068 qui

278 3093 515 3162 nihilomnino
539 3094 648 3185 ipsius
673 3118 751 3162 esse
771 3094 990 3163 contendunt.
1015 3093 1177 3175 Maxime,
1200 3104 1239 3161 ut
1263 3092 1343 3160 mihi

277 3209 425 3293 videtur,
446 3209 495 3277 illi
517 3212 645 3279 absunt
664 3233 684 3278 a
702 3234 785 3278 vero
801 3211 859 3302 qui
874 3209 1042 3301 quaedam
1058 3210 1131 3278 eius
1147 3232 1251 3299 opera
1267 3209 1343 3275 rhe-

277 3325 385 3393 torica
404 3336 477 3394 tota
499 3351 515 3394 e
537 3326 681 3396 Graecis
695 3326 925 3394 voluminibus
945 3326 988 3393 ad
1011 3325 1155 3393 verbum
1179 3347 1343 3416 expressa

279 3452 430 3509 censent.
454 3442 522 3511 Sed
542 3465 651 3533 neque
671 3442 712 3509 iis
735 3442 911 3510 adsentior
930 3442 987 3533 qui
1008 3440 1049 3508 ab
1066 3464 1105 3508 eo
1120 3439 1203 3508 nihil
1219 3463 1343 3508 novum

278 3558 448 3649 prolatum
471 3558 599 3626 dicunt.
626 3561 727 3642 Nam,
748 3568 885 3649 praeter
909 3558 1019 3647 ipsam
1043 3556 1232 3624 orationem
1260 3555 1343 3623 scri·

278 3674 448 3764 bendique
471 3673 677 3765 elegantiam
698 3715 741 3724 -
763 3697 865 3764 quam
890 3673 920 3741 ei
943 3672 1073 3763 eripere
1094 3682 1184 3739 certe
1204 3672 1257 3738 las
1278 3695 1344 3738 non

280 3799 345 3872 est,
362 3789 530 3880 -ipsius
546 3813 679 3880 quoque
690 3789 849 3881 proprius
865 3798 918 3856 est
933 3811 1046 3856 rerum
1061 3787 1206 3855 dilectus
1222 3798 1256 3856 et
1271 3811 1343 3878 spe·

281 3906 350 3974 cies
366 3904 578 3996 eloquentiae
594 3929 635 3972 ex
649 3904 756 3972 variis
777 3904 876 3996 quasi
896 3902 1072 3970 elementis
1093 3902 1245 3994 antiquis
1266 3926 1344 3970 con-

316 4080 341 4128 1.
359 4076 403 4128 Cf.
421 4077 521 4138 Nixon,
536 4075 726 4145 Procecdings
743 4076 777 4142 os
785 4075 830 4127 the
844 4073 1012 4144 Cambridge
1024 4073 1214 4147 philological
1228 4073 1340 4142 society,

280 4158 314 4218 X,
332 4158 410 4217 1885,
427 4175 453 4226 p.
475 4155 559 4215 8;cl.
577 4158 608 4208 F.
628 4156 742 4217 Miiller,
762 4158 870 4207 Brutus
886 4155 948 4207 eine
967 4152 1280 4224 Sclbstvcrtheidiguug
1294 4151 1343 4204 des

282 4238 318 4288 M.
340 4236 448 4288 Tullius
464 4235 566 4294 Cicero,
583 4255 610 4306 p.
626 4233 703 4288 9-10.

317 4318 342 4368 2.
357 4316 495 4377 Boissier,
513 4315 633 4368 Journal
648 4314 698 4368 des
716 4319 845 4375 Savants,
866 4315 944 4377 1899,
966 4334 994 4385 p.
1015 4314 1154 4374 470-471;
1178 4311 1341 4374 Courbaud,

281 4399 322 4450 De
338 4397 466 4457 Oratore,
483 4416 511 4467 p.
527 4414 569 4448 xv.
