3062 5050
433 489 449 564 ἓ
470 494 496 549 4.
519 524 552 532 -
573 509 642 560 omn
662 509 836 550 acanrnnors
857 509 1005 550 annonam
1130 517 1131 522 ¹
1220 492 1253 550 61

183 652 250 705 3331
264 643 389 727 patrius
404 643 606 705 Academiae
621 642 785 706 adversari
800 663 928 725 semper
943 642 1092 704 omnibus
1103 642 1135 703 in
1146 641 1254 724 dispu-

183 731 279 794 tando
302 769 341 778 —
366 731 423 794 sed
444 752 516 793 curn
538 741 788 808 maxume,tum
808 733 869 794 hoc
888 731 1103 814 significabat,
1126 731 1255 814 eosqui

183 821 329 883 rhetores
349 821 592 884 nominarentur
611 831 643 883 et
662 821 716 904 qui
736 820 863 882 dicendi
885 828 1059 902 praecepta
1080 819 1252 894 traderent,

182 909 261 971 nihil
276 909 371 993 plane
387 919 496 972 tencre
511 932 616 992 neque
625 931 727 993 posse
742 930 939 991 quemquam
952 909 1148 990 facultatem
1164 929 1255 969 aese-

181 1000 241 1079 qui
267 999 407 1078 dicendi,
439 1001 505 1060 nisi
531 1000 590 1080 qui
609 999 886 1081 pbilosophorum
915 999 1045 1061 incente
1075 998 1251 1060 didicisset.

181 1087 229 1150 Do
246 1088 315 1162 Ο3.,
335 1094 362 1162 1,
382 1092 429 1158 18,
446 1093 496 1149 84.

221 1175 329 1260 Caput
351 1177 437 1238 enim
462 1197 534 1239 esse
557 1177 774 1238 arbitrabatur
795 1176 942 1250 oratoris,
965 1185 1000 1237 31
1019 1185 1051 1237 31
1069 1175 1149 1258 ipsis
1169 1175 1254 1259 apud

181 1285 262 1347 quos
292 1275 405 1349 ageret
433 1266 506 1328 talis
536 1266 663 1349 qualem
693 1287 727 1327 se
757 1266 826 1347 ipse
855 1274 982 1349 optaret
1009 1265 1193 1340 videretur;
1222 1263 1254 1325 id

180 1355 250 1416 fieri
273 1354 358 1418 vitae
383 1355 552 1438 dignitate,
579 1355 618 1416 de
645 1375 708 1437 qua
737 1354 816 1414 nihil
846 1353 996 1416 rhetorici
1025 1353 1078 1414 isti
1107 1353 1254 1414 doctores

181 1443 213 1504 in
246 1443 430 1526 praeceptis
464 1444 530 1505 suis
566 1443 800 1526 reliquissent;
832 1452 865 1505 et
891 1443 938 1504 uti
967 1443 996 1503 ei
1025 1443 1079 1524 qui
1107 1441 1255 1504 audirent

181 1533 227 1594 sic
251 1532 465 1594 adficerentur
489 1533 605 1594 animis
630 1541 665 1594 ut
691 1553 746 1595 eos
773 1531 866 1593 adfici
891 1531 988 1594 vellet
1012 1541 1142 1607 orator,
1168 1531 1253 1614 quod

180 1622 257 1683 item
277 1621 348 1683 heri
367 1622 455 1684 nullo
476 1621 571 1684 modo
592 1642 699 1704 posse,
716 1621 778 1683 nisi
799 1629 973 1705 cognosset
992 1620 1031 1695 is,
1049 1620 1103 1702 qui
1121 1620 1251 1695 diceret,

180 1722 259 1792 quot
287 1711 393 1773 modia
421 1713 589 1772 hominum
618 1723 741 1772 mentes
772 1722 803 1772 et
832 1711 949 1792 quibus
980 1721 1011 1771 et
1041 1731 1103 1792 quo
1132 1731 1254 1792 genere

180 1801 342 1860 orationis
366 1803 400 1861 in
427 1821 591 1882 quomque
612 1811 746 1883 portem
773 1811 1011 1875 mover·cntro·;
1035 1800 1116 1860 boec
1142 1810 1251 1860 aretem

180 1909 250 1948 esse
268 1891 404 1970 penitus
428 1891 461 1950 in
486 1888 594 1950 media
616 1889 827 1971 philosophia
849 1900 980 1950 retrusa
1004 1899 1102 1969 atque
1126 1887 1250 1963 abdito,

181 1996 262 2058 quae
279 1977 332 2039 isti
350 1977 494 2040 rhetores
512 1997 551 2039 ne
569 1977 765 2060 primoribus
785 1976 914 2060 quidem
935 1976 1034 2038 labris
1055 1977 1250 2060 attigissent.

180 2065 229 2127 Dc
245 2065 315 2141 Ο3.,
335 2072 362 2142 1,
382 2073 429 2142 19,
446 2071 495 2129 87.
1134 2107 1136 2110 v

227 2209 294 2277 Sed
324 2234 365 2277 ex
390 2209 456 2277 3110
476 2211 625 2301 quodam
648 2212 721 2279 loco
746 2183 964 2278 manifestum
989 2220 1132 2277 estnon
1158 2210 1251 2277 33113

185 2326 307 2393 saltem
327 2325 609 2394 Academicorum
626 2327 752 2418 placita
770 2326 805 2393 in
825 2326 923 2394 libris
944 2326 985 2394 de
1006 2327 1152 2394 Oratore
1172 2347 1251 2416 pro-

183 2441 274 2532 poni.
306 2445 393 2510 Nam
421 2441 586 2510 intortio
613 2442 712 2524 libro,
743 2452 926 2534 postquam
956 2443 1106 2510 Crassus
1134 2440 1250 2508 multis

181 2556 297 2624 verbis
328 2557 369 2624 13
398 2557 591 2648 eloquentia
619 2557 821 2648 disputavit,
853 2558 902 2625 sic
932 2581 1008 2624 eum
1037 2558 1139 2625 Cotta
1168 2556 1251 2623 allo-

182 2672 314 2762 quitur:
332 2699 347 2735 3
362 2674 416 2740 Μ3
430 2673 567 2764 quidem
581 2673 615 2739 in
632 2673 852 2742 Academiam
867 2683 975 2741 totum
991 2672 1204 2762 compulisti¹
1217 2699 1248 2738 ».

182 2790 352 2856 Incertum
371 2799 486 2857 tamen
506 2801 561 2856 331
575 2813 661 2880 quae
677 2813 733 2857 res
750 2813 770 2856 a
785 2791 915 2858 Crasso
930 2789 1041 2856 diotae
1057 2788 1100 2856 31
1116 2788 1250 2855 Αο313-

180 2905 286 2972 micos
302 2904 499 2972 referendae
512 2905 765 2997 significentur;
782 2905 928 2972 10313333
941 2904 1067 2971 multae
1082 2914 1173 2985 sunt,
1189 2903 1250 2971 331

179 3020 214 3087 11
229 3018 385 3088 00301311
400 3044 467 3088 303
482 3031 596 3111 potest
611 3044 686 3089 cum
701 3020 785 3088 haec
802 3022 924 3090 Cottae
938 3020 1046 3088 verba
1059 3019 1193 3110 possint
1206 3019 1249 3085 ad

181 3160 221 3204 03
242 3136 317 3203 3013
337 3160 424 3226 quae
445 3138 596 3206 Crassus
618 3139 660 3205 13
685 3137 825 3204 Philone
847 3136 1055 3227 infinitisque
1076 3134 1249 3227 quaestio-

181 3251 281 3320 nibus
296 3254 310 3296 2
324 3251 421 3332 dixit,
438 3253 620 3342 pertinere.

225 3366 401 3458 Quidquid
420 3367 455 3435 id
475 3379 540 3451 est,
563 3368 712 3436 dubitari
731 3368 849 3459 nequit
868 3367 949 3459 quin
973 3367 1094 3436 Cicero
1120 3365 1249 3458 aliquid

180 3482 395 3551 Academicis
404 3481 572 3552 debuerit.
585 3483 661 3549 Non
671 3479 822 3548 solumin
832 3477 1079 3546 Partitionibus
1088 3478 1248 3546 oratoriis

180 3598 348 3690 quaedam
371 3621 487 3665 eorum
508 3606 692 3688 praecepta
712 3594 855 3662 tradidit
876 3593 990 3662 sedin
1012 3593 1135 3661 ceteris
1150 3593 1248 3661 libris

181 3738 220 3781 33
248 3715 390 3804 protulit
418 3737 505 3805 quae
538 3712 616 3802 ipsi,
653 3711 868 3802 antiquorum
903 3708 1092 3777 doctrinam
1125 3707 1233 3776 secuti

180 3829 301 3898 docere
318 3830 475 3898 solebant
487 3829 529 3895 de
542 3826 684 3894 infinitis
695 3825 967 3917 quaestionibus,
981 3825 1022 3891 de
1032 3822 1248 3914 philosophia

180 3946 307 4014 0331031
336 3943 544 4014 necessaria.
576 3945 607 4010 A
634 3966 701 4034 quo
728 3965 811 4009 vcro
841 3940 1006 4030 scriptore
1029 3941 1085 4006 vel
1109 3939 1247 4006 doctore

180 4061 334 4130 hauserit
353 4060 522 4128 difficilius
542 4069 595 4126 331
614 4058 777 4125 13110333.
801 4057 1016 4126 Charmadae
1042 4055 1247 4123 sententiam

215 4278 241 4327 1.
263 4275 306 4328 De
321 4274 384 4336 Or„
401 4276 427 4336 3,
444 4274 563 4335 36,145.

215 4358 241 4409 2.
263 4356 306 4409 De
322 4355 384 4418 Or„
400 4357 426 4418 3,
443 4355 486 4418 28,
504 4355 565 4406 110.
580 4353 624 4406 Cf.
640 4354 665 4415 3,
683 4353 726 4414 29,
746 4354 792 4404 111
807 4371 813 4412 ;
831 4353 856 4413 3,
873 4353 916 4414 30,
934 4352 995 4404 120.
