3062 5050
503 464 564 541 §a
587 501 619 510 -
639 485 812 528 onarrouun
832 487 944 529 ranrns
1223 471 1257 532 91
1330 453 1335 466 ’

189 617 342 681 iudicium
362 617 458 682 luerit
476 640 574 704 supra
594 619 660 681 dixi
680 622 728 682 ¹...
751 621 815 684 Sed
837 621 948 684 Cicero
969 621 1097 705 quidem
1116 623 1166 685 his
1186 624 1258 708 pul-

189 707 367 770 cherrimos
387 709 459 771 illos
475 710 513 772 de
530 710 665 772 Oratore
681 711 856 785 substituit,
874 710 1010 795 ideoque
1025 712 1157 795 culpari,
1175 722 1259 776 tam-

189 817 286 880 quam
301 797 383 859 falsa
397 799 584 882 praecipiat,
602 820 666 861 non
681 809 798 883 potest.
817 800 963 880 Quintil,
981 807 1009 876 3,
1028 807 1057 876 6,
1075 807 1181 865 58-60.

230 887 365 949 Paulum
394 887 427 948 in
455 887 505 950 his
534 908 643 950 secum
673 889 769 950 etiam
799 888 912 952 Cicero
936 889 1095 952 dissentit.
1121 890 1202 953 Nam
1227 893 1259 953 in

190 974 371 1038 Rhetoricis
395 977 499 1059 (quern
523 978 715 1040 admodum
738 998 836 1062 supra
858 979 945 1060 dixi),
968 979 1190 1063 Hermagoran
1210 991 1260 1044 est

190 1074 319 1127 secutus
333 1087 339 1140 ;
357 1066 389 1126 in
405 1064 535 1149 Topicis
551 1087 590 1128 ex
600 1075 686 1129 statu
697 1067 842 1129 effectam
853 1069 1088 1131 contentionem
1100 1079 1257 1154 κρινόμενον

190 1153 371 1228 existimat3
390 1154 485 1237 idque
501 1154 663 1230 Trebatio,
682 1156 735 1238 qui
751 1156 829 1218 iuris
845 1165 914 1218 erat
928 1157 1093 1219 consultus
1112 1158 1257 1222 alludens

191 1267 205 1298 a
216 1259 285 1326 ·qua
300 1242 340 1304 de
356 1264 390 1305 re
405 1244 539 1328 agitur»
557 1245 716 1328 appellat;
730 1245 846 1328 quibus
861 1245 893 1306 id
908 1247 1117 1322 contineatur,
1133 1274 1146 1304 ν
1160 1249 1257 1310 conti-

192 1357 205 1388 «
222 1331 341 1406 nentia,
373 1333 464 1416 quasi
499 1334 701 1396 firmamenta
733 1333 939 1410 defensionis,
974 1336 1090 1419 quibus
1123 1337 1257 1400 sublatis

192 1445 204 1476 «
222 1419 366 1483 defensio
381 1422 469 1484 nulla
484 1423 547 1484 sit²
561 1446 591 1499 »3
609 1433 642 1484 at
656 1423 689 1484 in
705 1423 935 1486 Partitionibus
945 1431 956 1465 ³
966 1425 1113 1488 oratoriis
1127 1452 1140 1482 ν
1153 1426 1257 1487 firma-

191 1535 204 1568 «
223 1520 365 1573 mentum
384 1537 397 1568 ν
415 1511 500 1596 quod
516 1513 691 1595 opponitur
706 1512 894 1588 defensioni,
917 1512 991 1597 quia
1013 1540 1026 1570 ν
1044 1515 1255 1590 continens»,

189 1600 275 1682 quod
295 1601 435 1683 primum
456 1601 498 1663 sit
516 1602 556 1663 ab
576 1611 762 1664 accusatore
782 1601 916 1677 dicatur,
942 1629 954 1659 «
973 1603 1053 1665 ratio
1071 1629 1084 1660 »
1102 1625 1120 1665 a
1135 1624 1200 1680 reo,
1219 1624 1258 1667 ex

189 1688 323 1750 rationis
338 1698 370 1751 et
385 1689 579 1752 firmamenti
594 1690 780 1774 quaestione
802 1690 1023 1774 «disceptatio
1045 1717 1058 1748 ν
1080 1691 1122 1754 sit
1143 1718 1156 1749 a
1177 1693 1257 1755 iudi·

192 1803 204 1834 «
223 1777 383 1840 cationum
401 1803 428 1841 ν.
447 1779 593 1858 Quintil,
611 1785 640 1854 3,
660 1786 707 1854 11,
727 1784 827 1842 18-19.

235 1921 332 1989 Talia
352 1922 393 1989 de
413 1922 537 2013 quibus
562 1923 652 1990 inter
675 1923 759 1991 artis
786 1924 970 2015 scriptores
992 1925 1158 1992 acerrima
1177 1949 1257 1993 con·

92 2083 93 2088 κ
189 2037 297 2105 tentio
308 2048 393 2119 erat,
408 2038 528 2107 Cicero
540 2039 588 2106 ita
599 2040 1203 2130 neglegentertractabatutinlibris
1214 2042 1256 2109 de

190 2155 349 2236 Oratore,
362 2177 439 2221 cum
453 2154 519 2222 alia
534 2178 553 2221 a
566 2156 708 2238 Crasso,
723 2155 789 2223 alia
804 2156 846 2223 ab
863 2156 1010 2223 Antonio
1026 2157 1149 2224 divisio
1164 2157 1256 2224 adhi-

189 2269 260 2337 bita
279 2281 384 2353 esset,
403 2270 516 2360 ipsum
534 2272 701 2339 Crassum
719 2271 836 2338 feeerit
852 2272 936 2340 haec
953 2272 1254 2363 pronuntiantem:

229 2411 325 2473 Nnnn
342 2434 554 2474 sannionum
571 2434 737 2487 rnnrrunr,
759 2415 790 2473 si
802 2435 868 2496 qua
887 2416 921 2474 in
941 2436 977 2475 re
997 2415 1196 2496 discreparit
1214 2416 1256 2476 ab

188 2502 316 2563 Antoni
332 2502 489 2565 divisione
513 2514 627 2564 nostra
646 2505 797 2585 partitio,
823 2502 945 2564 Eadem
970 2513 1043 2564 sunt
1063 2505 1208 2566 membra
1222 2505 1255 2564 in

188 2590 354 2673 utriusque
370 2590 597 2674 disputatione,
621 2591 677 2654 sed
697 2592 793 2675 paulo
811 2612 904 2654 secus
926 2613 944 2654 a
964 2613 1014 2654 me
1036 2601 1131 2675 atque
1146 2593 1186 2655 ab
1201 2593 1255 2654 illo

188 2679 306 2761 partita
322 2699 359 2742 ac
373 2679 503 2743 tributa.
521 2679 569 2742 De
586 2679 655 2755 On,
672 2686 701 2755 3,
719 2686 768 2756 30,
788 2687 856 2743 119.

419 2929 432 3004 ἓ
457 2923 489 2989 3.
512 2961 557 2972 -—
581 2925 841 2994 orationum
864 2929 1024 3009 partes.
1082 2923 1085 2932 '

233 3120 308 3186 Non
324 3117 430 3185 multo
444 3117 523 3208 plus
540 3117 716 3187 Ciceronis
737 3117 901 3186 intererat
915 3127 1029 3185 utrum
1044 3127 1205 3209 quattuor
1220 3117 1255 3184 in

190 3232 337 3323 singulis
349 3233 562 3302 orationibus
578 3245 695 3324 partes
711 3258 753 3302 an
770 3234 930 3325 quinque,
944 3258 987 3301 an
1004 3258 1076 3316 sex,
1095 3258 1137 3301 an
1152 3234 1255 3301 etiam

189 3359 321 3439 septem
337 3348 641 3440 distinguerentur,
660 3349 759 3417 modo
774 3350 809 3416 in
829 3349 1052 3440 dispositione
1072 3359 1255 3439 praecepta

190 3464 334 3532 maxime
344 3465 540 3532 necessaria
548 3465 589 3532 de
599 3464 749 3548 exordio,
764 3465 972 3548 narratione,
985 3464 1251 3548 confirmatione,

188 3581 403 3669 peroratione
424 3591 656 3648 servarentur.
683 3585 802 3672 ltaque
825 3581 860 3648 in
885 3580 1104 3648 numerandis
1128 3580 1254 3648 oratio-

188 3720 270 3762 num
283 3697 440 3787 partibus
456 3721 523 3765 non
539 3697 639 3765 modo
653 3698 731 3766 libri
747 3697 788 3764 de
806 3697 1004 3766 Inventione
1021 3721 1041 3764 a
1056 3697 1254 3788 posteriori-

188 3812 266 3896 bus,
289 3812 350 3880 sed
365 3813 575 3903 posteriores
594 3813 683 3881 inter
698 3837 735 3880 se
751 3813 959 3904 discrepant.

229 3953 294 4017 Eae
309 3964 418 4038 partes
437 3978 496 4017 sex
515 3978 585 4017 esse
605 3958 736 4018 omnino
758 3956 851 4018 nobis
869 3954 1018 4018 videntur
1039 3977 1045 4016 ε
1067 3956 1251 4034 exordium,

225 4182 250 4230 1.
272 4180 404 4244 Quintil„
422 4181 447 4242 2,
465 4181 508 4243 15,
525 4181 593 4241 5-6;
608 4181 633 4243 3,
652 4182 676 4242 1,
694 4181 745 4240 20;
763 4181 798 4232 cl.
815 4181 850 4232 de
866 4180 927 4241 Or„
946 4183 971 4241 1,
989 4181 1014 4242 2,
1032 4180 1057 4232 5.

225 4261 250 4310 2.
271 4260 353 4330 Top.‚
369 4261 411 4322 25,
428 4260 472 4312 95.

224 4340 250 4392 3.
272 4341 347 4392 Part.
363 4340 425 4403 0r.,
442 4341 486 4403 29,
503 4341 564 4392 103.
