3062 5050
258 448 311 506 108
364 466 457 506 CAPUT
474 467 501 506 V.
517 481 549 490 ·-
563 466 717 516 duarenus
732 467 834 506 CICERO
849 466 1034 507 SENTENTIAM
1048 467 1219 507 MUTAVERl'l'

260 623 276 662 n
298 598 332 665 in
359 623 425 690 quo
453 600 605 690 profecto
631 599 684 666 vis
712 599 858 666 maxima
885 601 962 667 est¹
988 626 1025 684 »3
1049 599 1216 668 neminem
1243 624 1325 667 vere

258 715 472 806 eloquentem
483 739 560 782 esse
572 715 638 782 nisi
651 715 748 782 cuius
761 715 870 782 oratio
884 715 1066 806 aliquando
1082 739 1184 783 cursu
1199 739 1326 806 magno

259 831 439 922 sonituque
465 832 622 912 ferretur,
652 830 709 922 qui
740 857 756 893 «
783 841 816 898 et
839 830 978 898 humilia
1004 830 1175 899 subtiliter
1198 841 1232 898 et
1256 831 1326 899 alta

260 973 276 1011 «
299 947 452 1038 graviter
467 957 500 1014 et
515 946 698 1014 mediocria
713 951 900 1037 temperate
915 957 1033 1038 posset
1048 947 1159 1015 dicere
1174 949 1187 992 2
1203 975 1233 1014 ».

302 1067 469 1132 Numeros
492 1063 597 1130 Attici
619 1062 862 1153 neglegebant‚
889 1064 1095 1154 spernebant
1110 1067 1141 1147 ³3
1165 1086 1324 1130 numeros

257 1179 364 1270 igitur
392 1178 513 1247 Cicero
541 1179 576 1245 in
605 1180 751 1247 Oratore
781 1178 930 1247 defendit
962 1179 1078 1270 eisque
1112 1180 1189 1270 plus
1222 1179 1326 1246 etiam

258 1318 361 1386 quam
374 1294 408 1360 in
423 1293 520 1362 libris
537 1294 578 1361 de
595 1297 741 1364 Oratore
756 1295 876 1363 tribuit
890 1296 913 1362 4.
932 1295 1036 1385 Vulgi
1047 1294 1208 1362 iudicium
1219 1294 1325 1361 Attici

258 1410 542 1491 contemnebant3
563 1410 660 1501 vulgi
680 1410 840 1478 iudicium
860 1410 981 1480 Cicero
998 1411 1115 1500 magni
1133 1411 1325 1478 faciendum

258 1551 335 1594 esse
352 1525 566 1594 demonstrat
580 1528 603 1592 ⁵.

303 1646 353 1709 De
379 1641 421 1708 iis
448 1642 605 1709 omnibus
632 1642 794 1733 quamdiu
823 1666 940 1734 pugna
964 1641 1037 1723 fuit,
1065 1642 1185 1736 ¹Cicero
1210 1666 1325 1710 secum

258 1757 423 1837 constitit,
461 1781 567 1848 eaque
597 1782 683 1849 quae
714 1758 818 1825 semel
848 1768 963 1825 contra
994 1757 1127 1825 Atticos
1157 1769 1325 1826 statuerat

258 1885 379 1963 postea
412 1896 546 1963 semper
579 1872 741 1941 defendit.
773 1879 885 1942 Unam
912 1884 1045 1940 tantum
1073 1874 1326 1941 accusationem

257 1990 358 2080 paulo
379 1989 478 2056 aliter
497 1989 531 2055 in
552 1991 697 2058 Oratore
718 2001 819 2082 atque
840 1989 873 2057 in
891 1994 996 2058 Bruto
1012 1990 1165 2057 refellere
1181 2001 1324 2058 conatus

258 2116 311 2173 est
333 2131 340 2171 ε
365 2105 520 2172 Asiatica
540 2105 574 2171 in
594 2129 634 2172 eo
653 2105 738 2172 vitia
758 2105 815 2196 qui
835 2130 911 2172 eum
930 2106 1189 2173 insectabantur
1210 2130 1325 2196 repre-

258 2220 463 2289 hendebant.
483 2225 521 2288 ln
538 2224 644 2288 Bruto
660 2221 891 2290 Asiaticorum
903 2233 1077 2289 oratorum
1091 2245 1231 2289 causum
1247 2246 1325 2290 sus-

258 2337 359 2427 cepit,
390 2337 440 2404 eis
470 2361 507 2404 se
536 2337 719 2427 plurimum
751 2338 875 2404 debere
905 2363 971 2406 non
1005 2337 1146 2428 negavit
1173 2341 1186 2385 ⁶
1214 2363 1324 2429 neque

257 2452 402 2520 infacete
433 2453 474 2519 de
499 2453 661 2543 Menippo
686 2453 932 2520 Stratonicensi
957 2453 1115 2544 scripsit:
1140 2480 1155 2516 n
1182 2453 1217 2521 Si
1241 2453 1324 2521 nihil

260 2596 276 2632 u
297 2568 424 2636 habere
441 2569 673 2658 molestiarum
689 2592 749 2635 nec
765 2569 969 2658 ineptiarum
984 2569 1174 2636 Atticorum
1189 2580 1255 2656 est,
1271 2569 1325 2637 hic

260 2713 276 2749 «
298 2695 413 2752 orator
427 2684 461 2750 in
477 2684 544 2751 illis
559 2685 730 2751 numerari
751 2695 842 2752 recte
862 2695 977 2774 potest
996 2687 1008 2730 ⁷
1030 2712 1059 2750 ».
1083 2689 1208 2752 Postea
1226 2709 1322 2766 vero,

258 2799 512 2867 cumAsiaticos
522 2799 742 2867 oratoresvix
752 2800 887 2866 defendi
896 2824 997 2890 posse
1010 2800 1322 2882 animadvertisset,

257 2940 298 2983 ne
323 2915 390 2981 illis
416 2916 707 2995 adnumeraretur‚
734 2938 851 2984 eorum
874 2915 959 2983 vitia
988 2915 1100 2983 acrius
1128 2917 1324 3008 vituperare

257 3032 386 3122 coepit;
413 3030 575 3098 vitiosam
604 3031 846 3100 abundantiam
874 3035 899 3115 ⁸,
923 3055 1051 3099 morem
1074 3033 1217 3100 ululanti
1240 3056 1324 3100 voce

293 3205 318 3253 1.
341 3203 403 3264 ΟΡ,
419 3202 461 3263 28,
477 3203 509 3254 97
525 3221 531 3262 ;
549 3201 584 3254 cf.
602 3203 697 3263 Tusc,
716 3204 740 3264 1,
756 3203 798 3264 26,
814 3204 864 3263 64;
882 3203 906 3264 2,
925 3205 949 3264 1,
967 3203 1026 3254 3-4.

293 3284 318 3333 2.
342 3282 405 3343 Or.‚
422 3283 464 3343 29,
483 3283 542 3334 100.

293 3363 317 3413 3.
340 3362 384 3413 Cf.
406 3361 644 3422 Schlittenbauer,
666 3382 694 3432 p.
719 3363 848 3423 197-198,
874 3363 1003 3424 228-229,
1028 3364 1156 3415 235-236.
1182 3363 1274 3416 Miror
1295 3363 1323 3415 id

256 3443 354 3512 negari
370 3461 385 3494 a
399 3443 460 3494 viro
476 3443 644 3494 doctissimo
660 3443 695 3493 H.
713 3443 879 3512 Bornecque
894 3445 944 3510 (La
957 3461 1043 3516 prose
1059 3443 1197 3516 metrique
1208 3442 1283 3495 dans
1295 3444 1323 3496 la

258 3521 502 3594 correspondunce
518 3521 553 3574 de
570 3522 692 3580 Ciceron,
711 3543 739 3593 p.
757 3523 842 3574 94-95
858 3542 863 3579 ;
881 3524 973 3575 Rerue
988 3521 1023 3575 de
1036 3522 1201 3596 philologie,
1221 3524 1322 3583 XXIX,

257 3603 335 3663 1905,
353 3622 380 3672 p.
396 3603 449 3672 49).
467 3603 564 3673 Neque
580 3602 649 3653 mihi
665 3603 815 3673 quicquam
831 3603 1021 3673 persuadetur
1031 3603 1076 3653 his
1089 3603 1171 3654 Bruti
1185 3603 1325 3656 clausulis

260 3703 271 3730 n
292 3683 433 3752 imperare
453 3699 536 3752 quam
555 3682 640 3733 alicui
661 3683 768 3734 servire
790 3703 814 3742 u,
834 3701 846 3730 u
862 3682 939 3733 nulla
955 3683 1085 3735 condicio
1099 3691 1142 3734 est
1159 3703 1170 3732 n
1188 3684 1322 3749 (Quintil,

257 3763 281 3823 9,
298 3763 322 3822 3,
340 3762 373 3813 95
387 3781 391 3819 ;
406 3763 572 3832 Bornecque
588 3761 680 3828 ibid).
699 3762 777 3812 Nihil
790 3763 863 3814 enim
879 3763 907 3813 in
923 3763 972 3814 tali
985 3763 1151 3833 quaestione
1167 3781 1198 3814 er
1210 3763 1324 3816 duobus

257 3841 394 3911 exemplis
414 3841 544 3893 concludi
560 3852 674 3911 potest;
691 3860 781 3912 neque
797 3851 874 3893 totus
889 3842 934 3894 hic
950 3843 1032 3893 Bruti
1048 3843 1128 3894 locus
1144 3843 1182 3911 (hin
1197 3861 1253 3912 quo
1268 3862 1325 3896 non

256 3923 312 3974 duo
326 3922 375 3973 sed
390 3922 443 3973 tria
457 3921 502 3972 vel
516 3931 651 3992 quattuor
667 3922 793 3974 membra
807 3924 882 3989 sunt)
898 3923 968 3973 mihi
982 3940 1151 3974 numerosus
1164 3923 1286 3975 videtur.

270 4035 273 4042 ·
293 4002 317 4052 4.
340 4001 665 4062 Or.‚41‚140-71‚236.

293 4082 318 4132 5.
340 4082 432 4142 Brut,
450 4081 492 4141 49,
511 4081 622 4142 183-54,
640 4082 700 4132 200.

293 4161 318 4211 6.
339 4161 431 4221 Brut„
448 4161 491 4221 91,
509 4161 639 4213 314-316.

294 4241 317 4291 7.
339 4241 431 4302 Brut,
449 4241 492 4302 91,
507 4240 567 4292 315.

296 4321 321 4371 8.
343 4320 410 4390 Opt.
426 4337 489 4390 geu.
505 4321 567 4382 Or„
585 4320 610 4382 3,
628 4322 653 4372 8.
