3062 5050
205 470 255 544 §a
266 503 299 512 -
308 488 389 529 mem
399 459 436 528 on
447 487 584 528 onnronu
594 487 747 538 Quirinus
758 488 775 526 n
786 486 909 527 33111313
921 485 1049 526 sununs
1061 483 1202 526 nxrnuss1
1239 469 1274 526 79

252 625 303 688 Ex
322 621 375 688 his
398 621 555 689 omnibns
580 620 661 686 mihi
688 619 817 689 eertum
838 619 975 687 videtur
998 619 1125 710 Topica
1149 642 1215 686 non
1235 643 1276 686 ex

205 761 272 805 uno
297 737 456 805 Antiochi
479 737 593 804 libello
620 737 733 828 aliquo
757 723 947 818 translata,
966 735 1027 803 sed
1052 759 1071 802 a
1096 735 1272 816 Cicerone,

204 853 321 920 varias
342 877 428 943 quas
449 852 615 919 didicerat
631 851 803 919 doctrinas
820 850 1073 934 commiscente,
1091 875 1168 918 esse
1184 873 1275 918 com·
1375 838 1380 843 ’

205 969 332 1059 posita.

257 1228 270 1300 5
297 1223 329 1286 3.
352 1261 396 1268 —
421 1222 543 1289 Libri
568 1223 621 1289 de
642 1221 825 1289 Oratore
850 1225 1064 1304 quatenus
1090 1219 1222 1287 sinte

436 1339 617 1405 Graecis
642 1337 817 1421 scriptis
841 1336 1047 1420 expressi.

251 1529 345 1596 Libri
365 1530 407 1596 de
424 1531 569 1598 Oratore
585 1529 633 1596 ita
650 1533 840 1597 Romanum
855 1529 954 1619 quasi
972 1528 1118 1596 colorem
1133 1528 1271 1607 habent,
1332 1570 1334 1578 =

204 1645 253 1711 ita
273 1646 398 1712 multas
415 1669 470 1712 133
487 1646 530 1712 ad
546 1645 724 1712 historiam
741 1645 953 1735 eloquentiae
976 1648 1148 1712 Romanae
1168 1645 1273 1735 perti-

205 1772 325 1828 nentes
349 1761 415 1828 sibi
432 1761 619 1852 permixtas
640 1772 674 1828 et
693 1761 886 1850 implicatas
907 1761 1092 1842 continent,
1110 1761 1159 1828 ita
1179 1761 1273 1828 deni-

205 1900 270 1967 que
287 1877 479 1944 Tullianam
496 1877 742 1944 abundantiam
757 1877 911 1944 redolent
925 1887 962 1943 ut
978 1876 1209 1944 difficillimum
1228 1877 1274 1944 sit

205 1993 410 2060 contendere
436 2016 494 2060 eos
520 2017 597 2060 esse
620 2017 637 2059 e
658 1992 802 2062 Graecis
822 1992 1051 2060 voluminibus
1074 2015 1270 2083 expressos.

206 2111 325 2199 ltaque
353 2109 503 2176 nondum
529 2109 711 2200 quisquam
733 2132 839 2175 ausus
867 2119 919 2175 est
942 2119 1051 2175 totum
1079 2108 1162 2175 illud
1186 2131 1272 2198 opus

205 2225 339 2292 Graeco
359 2225 461 2291 alicui
479 2224 637 2314 scriptori
657 2224 819 2291 tribuere.
839 2227 960 2291 Partes
975 2234 1090 2291 tamen
1105 2223 1272 2314 quasdam

204 2363 270 2406 non
286 2340 369 2406 nulli
386 2364 403 2406 e
420 2340 564 2408 Graecis
581 2339 718 2429 scriptis
735 2349 911 2429 surreptas
927 2363 1004 2406 esse
1020 2339 1190 2406 dixerunt.

248 2455 442 2546 Antequam
469 2455 579 2522 dicam
604 2455 685 2546 quid
709 2455 750 2521 de
774 2455 837 2521 1133
866 2454 1023 2544 opinione
1056 2455 1270 2522 sentiendum

167 2631 171 2639 .
203 2580 331 2660 putem,
349 2571 448 2662 quasi
464 2570 530 2638 duo
553 2594 681 2661 genera
696 2570 937 2638 tractationum
957 2570 991 2636 in
1010 2570 1107 2638 libris
1126 2570 1167 2638 (13
1183 2572 1271 2639 Ora-

203 2695 275 2753 tore
297 2686 542 2777 distinguenda
567 2687 725 2753 arbitror.
749 2688 835 2754 Sunt
854 2686 943 2753 enim
963 2685 997 2752 in
1019 2686 1061 2752 iis
1084 2686 1270 2776 amplifica-

204 2801 314 2868 tiones
335 2801 515 2892 quaedam,
533 2813 570 2869 ut
585 2802 626 2869 de
642 2802 743 2874 laude
759 2801 984 2892 eloquentiae,
1003 2802 1270 2891 disputationes-

203 2941 267 3007 que
288 2917 324 2984 in
344 2927 700 3009 utramquepartem:
720 2942 762 2984 33
783 2917 827 2985 311
847 2941 904 2984 313
924 2918 1039 3008 aliqua
1060 2917 1207 3000 dicendi,
1227 2941 1270 2984 an

203 3056 329 3124 magna
357 3057 469 3100 rerum
502 3034 646 3101 scientia
675 3034 803 3101 oratori
834 3034 879 3100 sit
907 3033 1119 3100 necessaria.¹
1146 3037 1184 3100 ln
1216 3033 1269 3100 his

203 3149 475 3238 quaestionibus
498 3149 622 3239 quibus
647 3160 739 3216 totus
761 3149 891 3240 primus
916 3149 1003 3216 liber
1028 3159 1175 3231 constat,
1202 3174 1269 3217 non

202 3274 284 3352 puto
305 3264 462 3332 Ciceroni
482 3265 550 3331 ullo
573 3265 700 3354 scripto
720 3264 810 3355 quod
830 3263 1022 3330 imitaretur
1042 3288 1127 3354 opus
1148 3264 1266 3331 luisse.

203 3379 311 3468 Saepe
323 3379 412 3445 enim
425 3403 461 3446 se
473 3378 516 3445 ad
528 3379 773 3470 disputandum
788 3381 1006 3446 exercuerat¹
1020 3405 1027 3460 3
1046 3390 1079 3446 31
1095 3379 1265 3458 facillime,

202 3517 268 3585 quo
295 3505 368 3561 3131
396 3495 573 3584 praeditus
602 3495 754 3585 ingeni0,
783 3495 872 3586 quod
901 3494 1029 3562 diceret
1057 3494 1266 3562 inveniebat.

203 3609 297 3676 Sicut
320 3609 438 3700 igitur,
463 3633 539 3676 cum
560 3611 653 3677 solus
673 3610 927 3690 declamitabat,
956 3609 1053 3676 facile
1076 3609 1268 3676 disserebat

205 3751 220 3785 «
241 3725 488 3792 manendumne
509 3736 602 3792 esset
621 3725 656 3792 in
675 3725 786 3816 patria
809 3749 829 3792 a
849 3734 996 3817 tyranno
1021 3726 1214 3816 gubernata
1235 3754 1265 3806 n,

205 3865 220 3902 «
240 3840 447 3908 utendumne
458 3852 551 3909 esset
566 3841 657 3909 omni
673 3841 803 3909 ratione
815 3865 882 3931 qua
897 3841 1054 3932 tyrannis
1067 3840 1172 3908 deleri
1187 3864 1267 3930 pos-

205 3980 220 4016 «
242 3965 294 4022 set
317 3956 330 4000 2
353 3984 384 4039 u,
407 3967 465 4024 aut
487 3957 575 4024 sicut
601 3957 870 4024 morationibus
895 3979 957 4047 pro
981 3956 1054 4023 iure
1082 3955 1172 4023 civili
1197 3958 1209 4001 ³
1234 3966 1268 4022 et

231 4180 261 4230 Ὶ1.
278 4180 370 4240 Β131.,
388 4180 431 4239 90,
446 4179 517 4238 310;
534 4180 632 4242 Tuae,
650 4182 674 4242 1,
692 4181 717 4241 4,
736 4181 803 4240 7-8;
819 4178 889 4242 Aa..
907 4181 933 4241 9,
949 4181 982 4241 4;
999 4181 1025 4242 9,
1043 4182 1108 4241 9,1.

236 4259 261 4310 2.
279 4258 322 4310 Cl.
340 4257 409 4319 Aa,
424 4259 448 4318 9,
467 4259 493 4310 4.

236 4337 262 4388 3.
280 4337 374 4399 Caco„
391 4339 434 4399 25,
453 4339 546 4400 70-26,
565 4340 607 4392 75.
