3062 5050
293 541 387 582 CAPUT
403 543 430 582 V.
446 555 480 564 -
496 542 652 592 QUATENUS
666 543 769 583 CICERO
785 543 971 584 SENTENTIAM
986 543 1159 584 adiuvatur
1226 527 1259 584 91

192 674 331 764 scriptis
343 675 547 758 enuntiavit,
560 675 758 744 diiudicare.
774 680 956 744 Praeterea
970 675 1067 745 libris
1081 677 1123 745 de
1138 680 1260 745 lnven-

192 789 283 858 tione
298 813 367 856 una
385 800 517 858 tantum
530 816 571 858 ex
587 791 736 883 quinque
757 792 946 860 rhetoricae
962 792 1118 882 partibus
1133 801 1260 860 tracta-

191 916 266 989 tur;
284 906 325 973 de
341 907 465 974 ceteris
481 918 644 998 quattuor
660 908 741 999 quid
757 908 878 977 Cicero
894 908 1096 976 adulescens
1112 908 1261 977 senserit

192 1022 306 1112 potius
325 1022 541 1114 suspicamur
556 1047 658 1114 quam
674 1024 813 1091 scimus

238 1140 325 1207 Cum
350 1149 465 1206 tamen
492 1164 533 1207 ex
560 1139 736 1209 Ciceronis
762 1140 859 1208 libris
890 1163 956 1208 non
985 1140 1077 1208 nulla
1099 1140 1260 1231 colligere

192 1254 382 1344 possimuS,
400 1278 467 1321 non
482 1255 600 1322 inutile
615 1255 729 1322 visum
744 1266 798 1322 est
813 1280 853 1323 ea
873 1257 1027 1324 conferre
1043 1255 1167 1347 quibus
1184 1256 1261 1324 Tul-

192 1369 304 1437 lianae
320 1371 509 1438 rhetoricae
527 1395 735 1462 progressus
751 1371 983 1439 illustraretur
1001 1373 1023 1438 ¹.

217 1517 220 1522 ·
239 1486 306 1553 Sed
328 1496 511 1579 antequam
534 1511 740 1578 quaeramus
767 1487 848 1578 quid
874 1487 908 1554 in
933 1512 974 1554 ea
997 1487 1260 1577 procedentibus
1343 1575 1348 1584 ῃ

162 1689 166 1696 ⁴
194 1601 292 1669 annis
322 1601 538 1670 immutatum
566 1603 623 1686 sit,
652 1603 992 1672 animadvertendum
1019 1613 1072 1670 est
1093 1603 1261 1694 quaedam

194 1741 330 1810 semper
345 1718 464 1785 eadem
480 1719 662 1787 mansisse.
683 1724 877 1816 Numquam
894 1719 1015 1788 Cicero
1037 1729 1144 1786 artem
1161 1717 1262 1787 artis-

193 1858 258 1925 que
274 1845 459 1925 praeeepta
473 1835 573 1924 plane
589 1835 706 1904 reiecit
725 1838 757 1917 23
780 1837 823 1904 ab
844 1835 980 1903 ineunte
997 1846 1108 1904 aetate
1124 1835 1168 1902 ad
1183 1834 1263 1901 ulti-

195 1973 267 2018 mos
282 1950 375 2017 vitae
391 1974 499 2018 annos
509 1975 714 2042 persuasum
724 1951 844 2019 habuit
855 1951 1044 2019 doctrinam
1055 1952 1096 2019 de
1106 1952 1263 2018 statibus

195 2066 322 2134 oratori
337 2089 404 2135 non
418 2067 644 2158 ignorandam
661 2092 737 2135 esse
753 2071 778 2150 3,
790 2068 875 2135 locis
891 2067 991 2158 quasi
1007 2066 1147 2135 sedibus
1163 2091 1262 2158 argu·

195 2191 385 2250 mentorum
409 2194 557 2250 mentem
585 2183 752 2266 adiuvari,
777 2207 920 2274 eumque
946 2184 1004 2274 qui
1028 2184 1120 2251 locos
1145 2192 1264 2250 nosset

195 2297 327 2366 facilius
342 2322 445 2389 posse
460 2327 476 2362 «
494 2323 571 2367 esse
589 2300 624 2366 in
643 2299 851 2390 disputando
867 2300 992 2367 suum4
1008 2324 1046 2380 »3
1072 2298 1263 2366 orationum

195 2413 310 2481 varias
348 2425 464 2504 partes
503 2439 579 2482 esse
619 2415 883 2507 distinguendas
921 2439 1066 2506 quarum
1105 2414 1262 2505 singulae

196 2529 343 2598 diversis
362 2531 555 2622 praeceptis
571 2543 774 2623 regerentur
793 2533 816 2598 ⁵.
841 2535 892 2598 De
912 2531 1113 2613 elocutione,
1136 2553 1263 2596 memo-

196 2646 259 2729 ria,
288 2646 433 2731 actione,
468 2671 544 2715 cum
574 2648 695 2717 Cicero
729 2648 931 2716 adulescens
961 2647 1044 2714 nihil
1071 2645 1261 2737 scripserit,

196 2786 282 2853 quae
298 2774 481 2853 praecepta
501 2764 639 2854 singula
660 2764 837 2831 admiserit
861 2764 948 2831 scire
969 2787 1036 2830 non
1056 2785 1261 2854 possumus;

197 2902 263 2945 non
283 2889 397 2946 tamen
413 2879 552 2947 dubium
569 2892 622 2948 est
641 2880 723 2971 quin
744 2904 784 2947 ea
804 2903 891 2971 quae
912 2880 953 2947 de
976 2879 1029 2946 his
1051 2878 1263 2971 eloquentiae

196 2994 353 3083 partibus
364 3018 384 3060 a
395 2995 588 3062 rhetoribus
603 2996 830 3082 tradebantur
844 2994 943 3062 avide
958 3005 1031 3062 tum
1042 2993 1224 3084 arripuerit
1237 2998 1261 3060 ὅ.

233 3158 257 3206 1.
288 3157 380 3208 Pauca
413 3175 443 3208 ao
474 3158 595 3210 disiecta
621 3159 656 3210 de
684 3176 716 3210 ea
744 3160 911 3228 quaestione
940 3158 1074 3217 invenies
1106 3157 1161 3209 nisi
1188 3158 1264 3227 quod

198 3235 232 3286 G:
255 3235 400 3296 Heinicke,
419 3257 431 3285 a
447 3239 488 3289 De
506 3237 648 3290 Ciceronis
668 3237 800 3290 doctrina
820 3255 894 3310 qaae
908 3237 1034 3310 pertinet
1054 3236 1094 3289 ad
1114 3236 1265 3289 materiam

200 3335 211 3362 a
239 3315 312 3368 artis
340 3316 498 3369 rhetoricae
527 3325 555 3369 et
585 3316 625 3370 ad
658 3317 845 3370 incentionem
876 3339 888 3368 n
917 3318 1071 3386 diligenter
1098 3317 1263 3386 disputavit.
1336 3328 1339 3341 ¹

198 3395 241 3446 Cl.
256 3414 368 3466 quoque
382 3397 610 3457 Bauerschmidt,
622 3397 794 3467 Ergehnisse
810 3398 888 3450 einer
908 3396 1114 3466 Vergleiclrang
1127 3395 1264 3448 zwisclren

199 3475 310 3527 Ciceros
327 3476 468 3544 Schriften
483 3475 519 3529 de
537 3479 656 3530 Oratore
672 3476 730 3528 und
751 3479 855 3529 Orator
865 3499 874 3538 ;
890 3478 1046 3537 Merchant,
1063 3479 1103 3528 De
1121 3475 1263 3528 Ciceronis

197 3555 408 3608 Partitionibus
424 3557 567 3616 oratoriis,
586 3576 614 3627 p.
634 3558 723 3634 73574.

234 3635 258 3684 2.
276 3636 378 3705 Supra,
396 3655 457 3706 cap.
476 3637 497 3687 l.

233 3715 258 3764 3.
276 3715 345 3776 lnv.,
364 3717 388 3777 1,
404 3717 429 3776 8,
448 3717 537 3776 10:12,
554 3717 600 3776 16;
617 3718 652 3769 de
669 3718 732 3779 0r.,
748 3720 773 3778 2,
792 3718 834 3778 24,
851 3718 914 3776 104;
934 3719 957 3778 2,
976 3718 1018 3778 26,
1035 3717 1101 3775 113;
1118 3717 1194 3767 Part.
1209 3733 1263 3776 or.,

198 3793 223 3854 9,
241 3795 274 3845 33
288 3814 293 3852 ;
309 3796 371 3857 On,
390 3797 432 3856 14,
451 3797 497 3854 45;
513 3798 595 3867 Top.,
615 3798 657 3858 24,
673 3797 720 3855 92;
739 3798 834 3858 Tusa,
850 3798 875 3858 3,
892 3797 935 3858 33,
955 3799 996 3849 79.

234 3875 258 3925 4.
277 3875 349 3936 Fin,
368 3876 392 3936 4,
411 3877 435 3936 4,
454 3877 637 3937 10;cf.1nv.,
656 3879 679 3938 2,
696 3878 720 3938 4,
737 3878 827 3938 12-59,
844 3879 910 3936 178;
928 3878 963 3930 de
976 3877 1039 3938 0r.,
1056 3878 1080 3937 2,
1098 3876 1140 3936 29,
1157 3874 1263 3934 163-40,

200 3955 266 4012 173;
288 3957 364 4007 Part.
386 3973 440 4016 or„
464 3958 488 4016 2,
510 3957 564 4017 5-3,
587 3958 620 4015 8;
642 3957 667 4018 9,
688 3958 778 4018 33-14,
801 3958 852 4016 51;
876 3959 918 4020 21,
942 3958 1031 4018 70-39,
1052 3958 1120 4015 138;
1138 3956 1200 4015 Or.,
1222 3955 1265 4014 14,

199 4035 288 4094 44-15,
307 4036 358 4094 49;
377 4037 459 4106 Tap„
479 4039 502 4096 2,
522 4038 596 4096 7-20,
617 4039 658 4088 78.

234 4115 259 4165 5.
277 4115 345 4176 lnv.,
369 4118 393 4176 1,
415 4117 457 4177 14,
481 4117 575 4178 19-56,
600 4118 671 4176 109;
693 4119 728 4169 de
752 4118 815 4178 Or.,
842 4119 866 4178 2,
892 4118 933 4178 76,
960 4119 1068 4178 307-81,
1096 4116 1167 4174 332ς
1189 4117 1266 4168 Part.

199 4212 253 4254 or.,
271 4195 296 4255 8,
315 4196 408 4256 27-17,
426 4197 477 4255 6ος
493 4197 555 4258 On,
572 4199 614 4258 15,
631 4199 678 4256 50;
694 4199 737 4258 35,
756 4199 824 4255 122;
843 4198 924 4268 Top.,
944 4198 986 4259 26,
1001 4198 1091 4250 97-99.

234 4276 259 4326 6.
278 4275 452 4328 Divisionem
468 4277 592 4347 quinque
608 4278 732 4348 partium
752 4277 912 4330 rhetoricae
932 4296 1004 4348 quae
1024 4288 1088 4330 tunc
1106 4277 1266 4344 distingue-

199 4352 310 4416 bantur,
334 4356 363 4407 in
386 4355 471 4408 libris
490 4357 525 4409 de
547 4358 709 4410 Inventione
729 4359 763 4426 (1,
788 4359 812 4418 7,
834 4358 859 4425 9)
880 4358 1013 4420 tradidit;
1035 4359 1155 4432 primam
1176 4357 1266 4410 solam

200 4435 337 4498 tractavit,
352 4454 416 4488 cum
430 4454 503 4506 opus
519 4436 680 4490 inchoatum
695 4437 855 4512 reliquerit,
980 4431 982 4440 ’
