3086 5040
378 463 394 534 §
413 463 439 519 3.
462 493 495 503 ·—
515 479 584 530 oum
604 479 754 520 rsocnnrrs
773 478 933 522 niserrums
953 478 1100 522 nueusmr
1241 465 1274 522 31

205 611 287 703 quid
317 615 540 680 Isocrateum.
575 613 675 699 Quod
711 612 741 680 si
773 614 921 682 fortasse
950 638 1017 682 non
1048 641 1064 678 «
1094 638 1227 682 omnem
1258 643 1273 679 »

207 731 415 796 Isocrateam
441 729 608 796 rationem
636 729 820 796 oratoriam
849 731 1045 821 complexus
1071 741 1136 814 est,
1162 741 1276 798 tamen

205 867 281 911 cum
306 848 458 912 Isocrate
479 845 649 912 consentit
678 869 754 912 cum
777 856 885 914 artem
905 845 1040 916 dicendi
1060 848 1103 915 ad
1125 847 1275 937 philoso-

205 958 320 1049 phiam
337 971 488 1043 revocat,
506 985 582 1028 eum
598 971 707 1028 artem
728 961 801 1028 sine
821 962 959 1052 ingenio
980 972 1014 1028 et
1035 962 1275 1030 exercitatione

205 1075 360 1142 sufficere
376 1086 493 1167 negat,
512 1100 588 1144 cum
609 1076 650 1143 de
666 1077 816 1144 numeris
832 1077 997 1144 orationis
1018 1079 1149 1145 solutae
1166 1077 1276 1146 disse-

205 1190 260 1257 rit.
274 1195 368 1259 Haec
385 1216 467 1259 sane
483 1215 550 1259 non
565 1192 608 1259 ad
623 1192 766 1259 verbum
780 1217 821 1260 ex
838 1195 1010 1261 Isocrateo
1026 1194 1112 1261 libro
1129 1195 1275 1286 exscrip-

205 1305 262 1388 sit,
285 1307 346 1374 sed
369 1331 553 1399 numquam
574 1307 660 1375 dixit
680 1332 717 1375 se
739 1308 902 1376 Isocratis
926 1309 1057 1376 librum
1079 1309 1113 1375 in
1132 1310 1275 1377 latinum

205 1445 397 1490 sermonem
412 1423 625 1490 convertisse
639 1450 647 1505 ς
666 1426 842 1492 rationem
856 1435 1001 1507 tantum,
1020 1425 1054 1492 id
1070 1436 1124 1493 est
1139 1427 1275 1493 modum

204 1537 386 1627 quemdam
401 1549 435 1606 et
451 1540 593 1606 lormam
613 1540 698 1607 artis
718 1541 888 1608 oratoriae
909 1542 1086 1632 complecti
1101 1541 1221 1610 voluit.

240 1794 253 1866 5
277 1789 310 1854 3.
336 1827 380 1836 —
405 1791 518 1869 Quid
544 1792 753 1860 Isocratis
777 1793 1003 1878 discipulis
1027 1795 1240 1862 debuerit.

249 1984 301 2048 Ex
324 1983 488 2051 Isocratis
504 1983 682 2076 discipulis
702 1985 861 2077 permulti
877 1986 918 2052 de
934 1986 1104 2054 rhetorica
1125 1987 1272 2079 scripse-

207 2108 287 2166 runt
306 2079 318 2143 '¹
342 2123 428 2189 quos
453 2101 574 2171 Cicero
597 2101 631 2167 in
655 2101 752 2169 libris
775 2103 816 2170 de
843 2102 1041 2170 Inventione
1066 2127 1274 2195 magnopere

204 2214 335 2281 laudat.

243 2355 307 2417 Alii
323 2376 461 2438 quoque,
480 2353 541 2416 alio
558 2376 596 2416 ex
616 2355 703 2417 lonte
717 2364 944 2439 praeceptores
960 2357 1087 2418 dicendi
1103 2377 1273 2420 emanave-

205 2453 288 2519 runt,
306 2445 359 2527 qui
375 2445 451 2506 item
464 2445 666 2526 permultum
683 2445 916 2506 addicendum
937 2446 964 2507 si
980 2446 1055 2528 quid
1076 2467 1129 2508 ars
1149 2447 1275 2530 proficit

205 2535 361 2615 opitulati
381 2545 467 2594 sunt.
493 2533 575 2594 Nam
600 2532 660 2595 luit
683 2543 828 2616 tempore
853 2534 965 2597 eodem
995 2555 1058 2617 quo
1083 2535 1273 2598 Aristoteles

205 2642 342 2706 magnus
362 2630 395 2683 et
413 2622 529 2683 nobilis
549 2623 659 2683 rhetor
683 2621 877 2684 Isocrates..
899 2623 1146 2704 Discipulorum
1166 2633 1273 2686 autem

205 2720 299 2794 atque
320 2731 430 2773 eorum
450 2711 504 2794 qui
523 2711 670 2794 protinus
690 2712 730 2773 ah
754 2711 814 2772 hac
836 2720 910 2773 sunt
932 2711 1101 2795 disciplina
1123 2713 1269 2796 proiecti,

205 2800 309 2860 multo
326 2800 365 2860 de
380 2811 452 2860 arte
461 2811 645 2882 praccepta
660 2802 854 2881 reperimus.
873 2799 952 2875 Inv.,
971 2805 999 2875 2,
1017 2807 1046 2876 2,
1064 2806 1126 2864 7·8.

249 2942 339 3028 Quid
356 2943 398 3009 ab
415 2942 464 3009 eis
477 2953 549 3009 tum
566 2942 751 3033 sumpserit
766 2943 866 3033 plane
882 2943 1049 3010 incertum
1065 2953 1129 3011 est.
1148 2949 1272 3012 Postea

205 3068 294 3125 certe
310 3081 428 3125 eorum
442 3059 497 3125 vel
512 3058 610 3124 libris
626 3083 710 3125 usus
727 3070 780 3126 est
794 3059 850 3126 vel
870 3059 993 3126 saltem
1009 3061 1175 3126 rationem
1195 3084 1272 3127 ora-

205 3173 325 3240 toriam
351 3163 463 3264 aliquo
490 3174 589 3241 modo
616 3174 778 3265 cognovit
807 3200 814 3241 :
843 3199 920 3241 eum
944 3174 1033 3242 enim
1057 3175 1098 3242 de
1122 3177 1271 3243 numeris

205 3288 367 3356 orationis
390 3289 520 3356 solutae
537 3289 739 3381 disputavit,
757 3300 829 3357 tum
849 3290 890 3357 de
912 3294 1097 3373 Naucrate,
1120 3291 1270 3381 Ephoro,

206 3404 400 3472 Theodecte
415 3407 428 3450 2
443 3427 627 3496 eorumque
642 3406 778 3495 placitis
794 3405 999 3473 mentionem
1019 3407 1109 3474 lecit.

239 3612 264 3662 i.
282 3611 325 3662 ei.
344 3613 464 3680 Sanneg,
481 3613 522 3664 De
539 3610 641 3664 Schola
657 3613 813 3671 Isocraten,
832 3631 860 3682 p.
878 3613 973 3664 29-38.

240 3692 264 3741 2.
295 3690 472 3743 Theodectes
501 3692 613 3743 videtur
643 3702 671 3743 et
697 3693 833 3744 Isocratis
859 3701 886 3744 et
914 3691 1082 3744 Aristotelis
1110 3692 1271 3762 discipulus

206 3770 302 3822 luisse.
320 3771 364 3822 (ΙΙ.
379 3771 483 3824 Suidee
494 3771 627 3831 Lexieon,
641 3790 664 3828 s.
677 3791 701 3822 v.
717 3769 878 3841 Θεοδέκτης;
895 3773 1001 3841 Hagen,
1016 3774 1089 3824 Num
1102 3771 1269 3825 simultas...

206 3869 232 3920 p.
258 3851 353 3902 50-53.
378 3881 413 3890 -—
438 3852 479 3903 De
504 3851 675 3903 Theodectis
700 3850 853 3912 rhetorica,
880 3852 1064 3904 difficillimae
1088 3853 1271 3922 quaestiones

206 3939 282 3982 ortae
304 3940 378 3990 sunt,
395 3931 430 3982 de
449 3930 555 4001 quibus
573 3931 637 3983 vide
661 3951 666 3982 :
686 3931 771 3991 Rose,
796 3931 966 3984 Aristoteles
985 3931 1267 4006 pseudepigraphos,

206 4028 230 4079 p.
250 4010 387 4068 135-145;
406 4011 497 4070 Heitz‚
512 4010 564 4062 Die
580 4010 743 4064 verlorenen
757 4010 900 4079 Schriften
911 4010 962 4064 des
977 4011 1155 4070 Aristoteles,
1174 4030 1202 4080 p.
1221 4012 1270 4063 85-

205 4090 253 4148 87;
271 4089 356 4151 Bake,
375 4089 505 4142 Scholica
523 4091 756 4164 Hypomnemata,
776 4091 827 4150 Ill,
848 4111 877 4161 p.
899 4092 1002 4149 itt-86:
1023 4092 1113 4151 Diels,
1131 4090 1270 4143 Attend-

205 4167 307 4239 lungen
322 4168 374 4222 der
388 4168 479 4221 Aliud.
500 4168 552 4222 der
569 4170 686 4222 Wissen.
703 4187 737 4222 zu
749 4170 854 4230 Berlin,
872 4172 949 4232 1886,
967 4171 1014 4231 IV,
1028 4190 1057 4241 p.
1072 4172 1157 4230 9-16;
1174 4172 1268 4230 Blass

205 4247 331 4301 Attisclre
342 4247 566 4310 Beredsomlrcit,
581 4250 617 4310 ΙΙ,
630 4268 658 4319 p.
671 4250 805 4308 443-444;
819 4250 991 4312 Wendland,
1006 4251 1124 4303 Hermes
1142 4251 1268 4312 XXXIX,

206 4327 282 4388 1904,
299 4347 328 4398 p.
345 4329 473 4380 513-527
491 4331 531 4398 (=
542 4329 736 4382 Anaximenes
752 4345 802 4382 ron
817 4331 1003 4405 Lampsakos,
1020 4349 1048 4400 p.
1066 4330 1172 4404 35-48).
