3086 5040
248 493 284 550 22
384 509 477 550 CAPUT
496 509 527 549 11.
549 524 580 532 -
601 510 670 559 QUID
690 509 704 546 (t
721 509 857 559 tnrtouts
874 508 888 547 l)
908 509 1011 550 ctcstto
1030 510 1178 552 DEBUERIT

295 646 332 710 ln
353 642 486 733 Gorgia
504 642 580 733 ipsa
600 666 657 710 ars
678 642 812 710 dicendi
832 642 879 710 ita
899 652 1103 711 extenuatur
1122 654 1160 710 ut
1180 643 1315 726 Cicero,

249 758 306 849 qui
326 782 401 826 eam
421 758 557 826 minime
578 759 769 849 repelleret,
793 759 882 825 hunc
901 758 1027 826 librum
1046 759 1146 848 plane
1167 760 1314 851 probare

249 899 315 942 non
330 886 460 965 posset.
476 874 576 962 Quod
587 875 660 966 ipse
672 885 790 965 aperte
802 873 854 942 his
867 874 988 943 Crassi
998 874 1116 941 verbis
1127 875 1312 942 indicavit:

291 1017 354 1080 Sed
365 1038 427 1101 ego
439 1037 540 1100 neque
552 1018 614 1079 illis
623 1017 823 1080 assentiebar
831 1037 933 1098 neque
942 1016 1055 1078 harum
1065 1016 1317 1099 disputationum

250 1108 406 1168 inventori
426 1115 458 1168 et
479 1106 616 1190 principi
636 1107 733 1190 longe
753 1107 896 1168 omnium
917 1105 1104 1167 indicendo
1125 1106 1317 1188 gravissimo

250 1205 282 1258 et
301 1196 564 1278 eloquentissimo
584 1196 721 1270 Platoni,
744 1196 858 1278 quoius
879 1203 946 1256 tum
967 1194 1102 1256 Athenis
1122 1215 1193 1256 cum
1215 1194 1317 1256 Char-

251 1285 344 1346 mada
360 1285 547 1369 diligentius
561 1284 627 1369 legi
643 1285 819 1367 Gorgiam3
838 1305 901 1366 quo
917 1284 948 1344 in
963 1284 1046 1344 libro
1057 1283 1089 1343 in
1100 1284 1160 1345 hoc
1171 1304 1317 1345 maxume

250 1374 432 1436 admirabar
447 1373 624 1448 Platonem,
642 1373 726 1456 quod
743 1374 820 1434 mihi
832 1374 863 1433 in
874 1373 1056 1434 oratoribus
1067 1372 1237 1434 irridendis
1249 1373 1318 1455 ipse

250 1483 320 1525 esse
336 1472 443 1524 orator
458 1482 603 1524 summus
618 1462 796 1524 videbatur.
814 1461 862 1523 De
879 1460 947 1535 On,
968 1468 994 1536 1,
1014 1467 1060 1535 11,
1079 1465 1127 1523 47.

295 1605 427 1674 Platoni
449 1605 557 1697 igitur
577 1614 732 1672 oratores
758 1615 792 1671 et
815 1604 926 1694 ipsam
953 1603 1087 1670 dicendi
1114 1614 1222 1671 artem
1249 1605 1318 1672 elo-

249 1721 473 1812 quentissime
497 1721 705 1811 vituperanti
730 1720 852 1789 Cicero
877 1744 943 1787 non
969 1718 1181 1799 adsentitur;
1209 1743 1318 1812 neque

249 1837 284 1904 id
300 1836 455 1905 concedit
471 1838 560 1927 quod
577 1836 610 1902 in
632 1835 764 1926 Gorgia
785 1837 945 1903 Socrates
967 1835 1112 1917 dixerat,
1135 1836 1256 1903 melius
1276 1836 1318 1903 de

250 1951 478 2019 architectura
506 1951 741 2034 architectum,
767 1951 808 2018 de
833 1951 1000 2018 medicina
1025 1951 1192 2018 medicum
1216 1977 1318 2042 quam

250 2077 420 2136 oratorem
439 2091 542 2157 posse
562 2067 674 2134 dicere
695 2069 730 2147 1;
753 2066 814 2134 sed
831 2090 950 2133 verum
971 2068 1225 2159 perlectumque
1246 2091 1318 2134 ora-

249 2194 358 2250 torem
377 2194 476 2274 putat
495 2194 528 2250 et
549 2206 660 2250 rerum
684 2182 827 2250 scientia
846 2192 880 2250 et
899 2181 976 2273 ipsa
997 2182 1131 2250 dicendi
1155 2193 1227 2250 arte
1251 2183 1318 2250 ins-

249 2309 397 2366 tructum
413 2322 491 2366 esse
506 2298 630 2366 debere
646 2301 671 2364 2.

295 2414 449 2482 Phaedro
469 2414 546 2505 plus
568 2438 649 2480 sane
670 2413 791 2483 Cicero
811 2414 929 2482 debuit
948 2439 1050 2506 quam
1067 2413 1231 2505 Gorgiae.
1249 2419 1319 2482 Nee

251 2529 392 2599 mirum:
415 2532 449 2596 in
470 2530 625 2598 Phaedro
645 2529 734 2597 enim
754 2530 822 2597 iam
842 2554 908 2598 non
928 2531 1143 2620 vituperatur
1163 2555 1220 2597 ars
1243 2530 1320 2621 ipsa

250 2646 396 2726 dicendi,
421 2645 482 2713 sed
500 2669 584 2712 vera
606 2645 775 2712 rhetorica
796 2645 1030 2713 adumbratur.
1058 2646 1168 2713 Multa
1189 2657 1317 2728 tamen,

250 2786 337 2853 quae
351 2762 471 2830 Cicero
488 2787 505 2828 e
521 2761 677 2829 Phaedro
690 2761 799 2851 potuit
811 2761 960 2844 haurire,
973 2761 1064 2852 apud
1076 2762 1320 2829 Aristotelem³

250 2877 379 2945 aliosve
395 2877 453 2968 qui
469 2878 646 2944 Platonem
662 2876 770 2944 secuti
786 2888 883 2944 erant
898 2879 910 2922 4
926 2876 1194 2969 reperiebantur.

295 2992 433 3061 Oratori
449 3003 561 3059 motus
578 3015 695 3059 omnes
716 2991 904 3059 animorum
920 2991 1056 3082 penitus
1077 3015 1154 3059 esse
1176 3015 1319 3082 pernos-

250 3108 376 3175 oendos
393 3108 513 3176 Cicero
530 3132 633 3198 saepe
649 3107 775 3174 docuit.

290 3250 371 3329 Quis
392 3251 476 3312 enim
497 3251 599 3311 nescit
619 3250 757 3311 maxime
777 3249 840 3310 vim
861 3250 998 3311 existere
1018 3250 1155 3311 oratoris
1171 3250 1203 3310 in
1219 3250 1318 3312 homi-

251 3360 326 3400 num
347 3340 507 3401 mentibus
526 3340 575 3400 vel
596 3339 635 3400 ad
656 3339 736 3400 iram
755 3339 805 3400 vel
826 3339 865 3400 ad
887 3340 995 3400 odium
1015 3350 1070 3401 aut
1084 3339 1227 3401 dolorem
1244 3341 1319 3402 inei-

286 3567 310 3615 1.
333 3565 374 3616 De
388 3563 450 3624 Or.,
466 3566 491 3624 1,
510 3565 551 3624 14,
569 3564 668 3622 61-63;
685 3564 709 3623 2,
725 3563 750 3622 9,
766 3563 855 3614 37-38.
872 3593 907 3602 -
920 3562 963 3613 Cf.
979 3563 1112 3630 Gorgias,
1128 3582 1156 3634 p.
1171 3565 1232 3624 455,
1247 3564 1317 3614 B·E.

286 3646 309 3695 2.
334 3645 434 3714 Supra,
451 3662 479 3713 p.
498 3645 592 3694 ι13-15.

285 3726 310 3776 3.
333 3725 436 3776 Notum
456 3734 500 3775 est
520 3723 705 3776 Aristotelem
725 3724 753 3774 in
773 3723 916 3774 rhetorica
932 3740 963 3773 ea
979 3722 1135 3791 perfecisse
1152 3740 1222 3792 quae
1240 3723 1319 3774 Plato

250 3806 278 3856 in
299 3805 427 3856 Phaedro
447 3808 486 3873 (p.
509 3805 568 3864 271,
591 3803 691 3870 A.-B.)
707 3803 873 3873 explicanda
888 3803 1052 3854 iudicasset.
1069 3803 1125 3869 (Cf.
1144 3803 1317 3872 l'hompson.

253 3885 309 3937 Tte
337 3883 488 3936 Phaedrus
515 3885 550 3951 of
571 3883 664 3943 Plato,
697 3903 724 3953 p.
756 3901 808 3940 xx;
840 3882 944 3940 Zeller,
976 3883 1028 3934 ute
1056 3881 1240 3956 Philosophiae
1269 3881 1321 3934 der

254 3963 396 4022 Grieclren,
416 3963 463 4023 11²,
481 3982 508 4032 p.
527 3965 605 4030 754);
620 3964 752 4032 Spengel,
770 3961 860 4014 L'elrar
871 3960 918 4014 die
929 3961 1064 4014 Rhetoril·
1075 3961 1125 4014 des
1138 3961 1318 4025 Aristoteles,

250 4042 479 4112 Ahhandlungen
490 4041 542 4095 der
552 4043 644 4114 boyer.
660 4041 750 4094 Alad.
765 4041 838 4094 Ptit.
856 4041 954 4094 Classe
969 4043 1013 4100 VI,
1028 4043 1106 4100 1852,
1120 4060 1147 4110 p.
1164 4042 1224 4100 467,
1241 4044 1318 4107 etc).

251 4125 313 4175 Non
329 4123 463 4175 tamenin
478 4122 609 4174 omnibus
624 4133 744 4192 uterque
760 4122 916 4179 consentit;
935 4121 969 4173 cs.
989 4121 1125 4179 Schmidt,
1146 4119 1222 4186 Quid
1235 4120 1319 4172 Plato

251 4202 286 4255 de
301 4211 364 4254 arte
384 4202 526 4254 rhetorica
546 4201 676 4262 sanserit,
699 4220 725 4270 p.
748 4202 791 4262 30,
814 4203 866 4261 31;
889 4202 1008 4269 Berger,
1030 4203 1072 4252 De
1092 4199 1234 4252 rhetorica
1250 4199 1321 4272 quid

252 4283 290 4334 sit
305 4281 460 4335 secundum
475 4281 632 4340 Platonem,
648 4301 676 4351 p.
693 4283 736 4332 27.

286 4364 311 4414 4.
335 4363 419 4414 Velut
434 4362 621 4415 Charmadam
637 4361 683 4429 (de
699 4361 761 4422 0r.,
777 4363 802 4422 1,
820 4362 863 4422 19,
881 4361 934 4430 87).
