3086 5040
288 477 323 533 38
425 491 518 533 CAPUT
536 493 566 532 ll.
589 506 621 515 -
641 492 710 542 QUID
730 491 744 529 (1
761 490 897 541 nurloms
913 490 927 528 1)
947 491 1049 531 CICERO
1069 489 1216 531 DEBUERIT

289 626 410 696 Cicero
429 627 528 716 plura
547 625 676 693 scribat
696 649 799 717 quam
818 625 1000 716 quisquam
1016 623 1228 715 superiorum
1245 625 1268 706 ¹,
1286 647 1354 691 non

288 765 392 808 unum
416 752 589 809 auctorem
614 741 779 832 sequitur,
806 740 1003 808 Aristotelis
1030 750 1144 807 tamen
1170 749 1355 831 praecepta

278 857 427 948 saepius
444 866 685 924 commemorat
700 855 817 948 eisque
833 856 936 924 etiam
954 856 1062 924 utitur
1079 856 1138 924 ubi
1155 856 1267 946 ipsum
1286 879 1354 923 non

290 972 444 1041 nominat
457 975 482 1038 2.

336 1091 387 1155 Ex
412 1088 466 1156 his
491 1088 702 1179 intellegitur
725 1088 806 1179 quid
835 1087 956 1156 Cicero
986 1087 1181 1178 significare
1209 1087 1355 1155 voluerit

291 1228 366 1273 cum
392 1205 531 1295 scripsit
555 1229 591 1272 se
621 1207 829 1272 Isocrateam
858 1214 891 1271 et
919 1204 1162 1272 Aristoteleam
1190 1203 1355 1271 rationem

289 1321 474 1388 oratoriam
493 1320 590 1388 libris
611 1320 652 1387 de
675 1321 820 1388 Oratore
844 1320 1020 1410 complecti
1041 1315 1206 1387 uoluisse.
1231 1319 1355 1386 Mirum

289 1436 323 1504 id
339 1436 476 1528 quidem
490 1435 598 1503 videri
615 1446 728 1526 potest
739 1435 1031 1503 cumalenissimo
1043 1434 1205 1503 Isocratis
1216 1434 1354 1525 ingenio

291 1552 526 1620 acutissimum
546 1551 743 1619 Aristotelis
759 1551 904 1619 maxime
918 1551 1048 1619 distare
1064 1550 1281 1619 manifestum
1296 1550 1352 1618 sit.

292 1670 410 1758 ltaque
438 1668 512 1736 viro
542 1667 675 1735 cuidam
703 1668 903 1735 doctissimo
937 1667 1112 1735 Ciceronis
1144 1666 1357 1757 propositum

292 1783 436 1851 maxime
458 1784 644 1851 absurdum
663 1783 775 1850 visum
796 1792 849 1850 est
867 1786 891 1849 3.
915 1783 982 1850 Sed
1001 1807 1068 1850 non
1090 1782 1124 1850 in
1140 1782 1297 1850 omnibus
1313 1783 1357 1850 ab

328 2028 353 2076 1.
375 2026 437 2086 Or.‚
464 2027 507 2087 67,
535 2028 596 2080 226.
620 2027 663 2078 Cf.
686 2025 793 2088 Amsel,
820 2028 860 2079 De
884 2025 909 2078 ui
928 2033 1015 2098 etque
1038 2024 1132 2078 indole
1156 2024 1354 2096 rhythmorum,

292 2107 353 2240 925.
372 2107 416 2237 lie
443 2203 475 2237 ea
500 2204 531 2238 re
558 2187 638 2239 locos
665 2187 812 2239 Tullianos
837 2185 1021 2238 Aristoteleis
1046 2185 1155 2238 similes
1179 2184 1359 2237 contulerunt

292 2267 306 2317 J
311 2265 418 2327 entsch,
436 2266 599 2319 Aristotelis
614 2285 650 2319 ex
666 2275 728 2319 arte
744 2266 918 2320 rhetorice...
932 2287 961 2336 p.
973 2267 1070 2325 36-38;
1086 2266 1263 2336 Bornecque,
1284 2263 1360 2330 Quid

294 2344 329 2398 de
356 2353 500 2398 structura
528 2345 669 2399 rhetorica
692 2346 894 2422 praeceperint
916 2346 1106 2420 grammatici
1122 2354 1208 2418 atque
1232 2343 1359 2398 rhetores

293 2425 386 2485 latini,
403 2445 431 2496 p.
449 2427 540 2478 58-61.

329 2505 354 2555 3.
378 2525 390 2554 u
407 2505 509 2558 Cicero
523 2507 561 2558 ist
576 2507 604 2558 in
619 2507 671 2559 der
685 2506 757 2559 That
773 2507 914 2559 cntweder
928 2525 959 2559 so
972 2506 1133 2559 unwissend
1146 2506 1217 2557 oder
1230 2523 1262 2557 so
1276 2506 1360 2557 srivol

296 2604 308 2632 u
325 2584 500 2654 leichtlertig
513 2586 579 2638 dass
595 2605 627 2638 er
642 2587 702 2639 sich
719 2587 865 2647 einbildet,
881 2588 932 2640 der
944 2587 1101 2639 bodenlose
1115 2586 1274 2638 Schw'atzer
1287 2585 1360 2637 habe

296 2684 307 2712 a
325 2665 353 2715 in
368 2665 464 2717 seinen
480 2667 541 2718 drei
556 2666 689 2718 Buchern
703 2668 738 2719 de
754 2667 875 2720 Oratore
893 2668 939 2719 die
960 2666 1099 2719 Rhetorik
1116 2666 1166 2718 des
1186 2665 1360 2718 Aristoteles

296 2765 308 2793 a
324 2744 380 2795 und
393 2745 457 2813 jene
474 2746 524 2798 des
540 2746 685 2799 lsokrates
701 2747 933 2814 (allbekanntlich
950 2746 1064 2798 besteht
1080 2747 1132 2799 der
1150 2745 1360 2816 principiellste

296 2826 485 2892 «Gegensatz
517 2827 656 2879 zwischeu
690 2827 813 2894 beiden),
848 2845 1009 2879 zusammen
1038 2827 1158 2878 umlasst
1186 2847 1210 2877 u.
1240 2826 1358 2892 (Prantl,

297 2903 461 2957 Geschichte
471 2905 523 2958 der
533 2907 627 2976 Logih,
642 2908 663 2966 l,
676 2927 703 2977 p.
718 2909 790 2974 512).
808 2909 905 2977 Longe
919 2907 1025 2959 rectius
1041 2907 1179 2958 iudicarat
1193 2905 1359 2958 Briickner:

297 3004 308 3033 a
326 2986 383 3037 Nec
397 2985 499 3037 Cicero
513 2995 613 3047 tamen,
629 2988 713 3038 etiam
727 2988 751 3038 si
763 3005 819 3039 non
834 3006 943 3039 omnem
957 2988 1064 3039 referre
1077 2987 1170 3056 potuit
1183 2995 1211 3039 et
1224 2986 1361 3038 Isocratis

297 3085 308 3113 u
327 3073 354 3116 et
373 3064 539 3117 Aristotelis
559 3067 706 3128 rationem,
724 3068 763 3119 ita
778 3068 912 3119 mentitus
927 3085 991 3119 esse
1007 3067 1164 3119 censendus
1180 3075 1223 3119 est
1239 3067 1267 3117 in
1282 3066 1360 3136 epis-

297 3145 383 3196 «tola
403 3145 452 3196 illa
471 3146 505 3196 ad
527 3147 677 3198 Lentulum
698 3148 814 3217 scripta,
837 3148 905 3218 quin
923 3148 968 3200 vel
987 3148 1015 3198 in
1034 3156 1200 3216 argumento
1220 3146 1361 3198 librorum

297 3245 308 3274 u
326 3224 360 3277 de
378 3225 500 3278 Oratore
519 3227 563 3278 vel
581 3227 609 3277 in
625 3228 669 3279 via
689 3237 716 3279 et
736 3229 845 3280 ratione
862 3246 917 3298 qua
938 3227 1049 3296 singula
1069 3244 1197 3297 quaeque
1217 3227 1362 3296 descripta

297 3325 309 3354 u
327 3315 400 3364 sunt,
427 3306 560 3358 nonnulla
581 3307 830 3376 deprehendantur
853 3326 924 3377 quae
947 3308 991 3359 vel
1013 3307 1047 3358 ad
1071 3305 1238 3359 Aristotelis
1261 3307 1305 3358 vel
1326 3306 1361 3358 ad

298 3405 309 3433 a
327 3385 463 3436 Isocratis
481 3386 697 3439 similitudinem
717 3388 866 3458 quamdam
885 3387 1052 3439 accederent
1073 3408 1084 3436 u
1107 3385 1284 3460 (Disputatio
1303 3404 1361 3458 qua

298 3465 393 3517 Cicero
410 3464 534 3517 inlibris
551 3465 586 3518 de
605 3468 725 3519 Oratore
739 3466 898 3520 scribendis
914 3465 985 3539 quid
1000 3485 1035 3520 ex
1054 3469 1182 3519 Isocrate
1202 3473 1229 3518 et
1247 3465 1361 3518 Aristo-

296 3543 350 3597 tele
371 3552 516 3597 naretuatus
536 3545 574 3598 sit
595 3545 634 3598 ad
654 3547 728 3621 expl.
753 3547 836 3620 epist.
858 3547 897 3599 ad
916 3548 996 3615 sana,
1019 3547 1043 3606 1,
1062 3547 1086 3605 9,
1105 3547 1147 3616 23,
1167 3545 1359 3604 exanimatur,

295 3643 323 3694 p.
347 3625 414 3691 5-6).
438 3627 614 3695 Quamquam
635 3626 697 3696 ipse
717 3626 864 3679 Brdckner
885 3627 987 3678 nonin
1010 3626 1141 3678 omnlbus
1161 3625 1231 3676 mihi
1250 3625 1363 3677 videtur

294 3721 391 3756 verum
412 3714 570 3756 assecutus
593 3707 675 3757 Putat
694 3707 768 3758 enim
788 3707 955 3759 Ciceronem
973 3706 1007 3756 ad
1028 3706 1182 3757 Isocratem
1202 3714 1230 3756 et
1243 3703 1362 3756 -Aristo-

296 3784 380 3836 telem
402 3785 558 3836 accessisse
581 3787 656 3855 quod
681 3804 736 3837 non
760 3787 853 3838 solum
877 3786 912 3838 de
936 3786 1063 3837 iudiciali
1087 3801 1189 3854 genere
1210 3795 1363 3855 praecepta

296 3864 424 3916 dedisset
444 3865 493 3915 sed
511 3865 545 3916 de
563 3865 749 3918 deliberativo
770 3876 797 3918 et
816 3866 1048 3918 demonstrativo.
1069 3864 1106 3917 At
1126 3866 1161 3917 de
1178 3864 1363 3917 suasionibus

296 3943 564 4014 laudationibusque
585 3945 742 4014 scriptores
762 3947 832 3997 artis
847 3955 999 4016 praecepta
1015 3944 1120 3996 dabant
1136 3945 1179 4014 (ad
1196 3945 1276 4006 Her„
1291 3946 1317 4004 1,
1335 3946 1360 4005 2,

296 4025 330 4082 2;
352 4024 377 4084 3,
399 4025 424 4083 1,
446 4025 505 4082 1-8‚
527 4024 579 4080 15:
599 4025 632 4075 cs.
654 4025 722 4085 Inv.,
741 4027 765 4084 2,
784 4027 826 4086 51,
847 4027 955 4086 155-59,
971 4027 1043 4092 178„
1061 4035 1088 4076 et
1102 4043 1134 4076 ea
1149 4024 1264 4094 quidem
1279 4025 1364 4094 plura

296 4122 378 4173 quam
399 4121 469 4173 quae
490 4123 505 4155 a
525 4103 662 4156 Cicerone
683 4106 711 4156 in
731 4105 815 4156 libris
837 4106 871 4157 de
892 4105 1014 4157 Oratore
1037 4106 1072 4174 (2,
1096 4107 1139 4165 81,
1163 4104 1275 4165 332-85,
1300 4105 1362 4174 349)

296 4182 421 4234 breviter
436 4183 540 4235 tradita
555 4193 626 4236 sunt.
646 4185 786 4236 Nonnulla
802 4203 914 4255 quoque
930 4202 1001 4256 quae
1017 4185 1110 4253 magni
1131 4184 1263 4236 momenti
1284 4195 1364 4236 erant

295 4261 442 4314 Bruckner
457 4263 572 4315 omisit:
589 4264 623 4316 de
639 4265 855 4335 quaestionibus
869 4265 996 4329 infinitis,
1012 4265 1047 4320 de
1061 4264 1174 4340 topicis,
1189 4265 1224 4319 de
1240 4264 1362 4331 facetiis,

296 4341 331 4393 de
347 4359 498 4396 numerosa
512 4344 650 4398 oratione.
