3086 5040
209 491 1227 564 §3.-nnumsarnsonxroancoxrnxnnacionescarinosascmrrr
1263 493 1280 550 9

210 667 297 734 qnos
313 643 399 710 tanti
415 643 575 726 faciebat,
592 667 678 734 quos
693 652 745 710 tot
759 642 919 710 laudibus
939 643 1111 710 cumulare
1133 643 1277 724 solebat,

210 783 297 850 quos
322 759 467 850 denique
492 769 571 826 ante
596 784 633 826 se
657 759 824 828 maximos
846 759 953 826 fuisse
978 760 1141 827 censebat
1162 760 1185 824 ¹.
1210 760 1281 827 Cur

211 884 326 942 autem
350 877 479 944 Crasso
508 876 609 965 paulo
636 876 818 967 ampliores
847 886 964 966 partes
992 875 1151 942 tribuerit
1178 898 1281 966 qnam

211 990 278 1082 ipsi
299 991 447 1058 Antonio
467 991 566 1059 facile
585 991 808 1083 intellegitur.
830 995 956 1060 Notum
976 991 1066 1058 enim
1085 1001 1159 1058 erat
1175 993 1281 1060 Cras-

212 1131 287 1173 sum
309 1107 499 1174 litterarum
521 1118 554 1174 et
576 1108 750 1175 doctrinae
772 1109 849 1197 plus
870 1107 1029 1198 attigisse
1050 1130 1152 1198 quam
1173 1106 1281 1174 Anto-

213 1223 324 1305 nium;
346 1224 489 1291 curabat
515 1235 629 1292 autem
652 1224 836 1293 Cicerone
859 1223 1013 1290 homines
1035 1223 1084 1290 ita
1105 1223 1281 1290 induceret

211 1341 390 1430 loquentes
410 1350 448 1406 ut
467 1340 524 1430 qui
545 1363 604 1407 eos
620 1350 762 1407 nossent
778 1363 968 1406 sermonem
985 1338 1085 1405 nimis
1101 1362 1120 1405 a
1134 1338 1280 1406 veritate

213 1455 359 1522 alienum
385 1455 575 1523 iudicarent
602 1458 626 1523 2.
658 1459 840 1523 Praeterea
865 1455 1008 1522 similior
1031 1464 1105 1521 erat
1130 1456 1281 1523 Crassus

213 1571 383 1652 Ciceroni,
402 1581 435 1638 et
450 1571 585 1639 facilius
600 1581 735 1662 poterat
750 1593 826 1639 eam
846 1571 1059 1662 eloquentiae
1079 1571 1221 1638 sormam
1242 1594 1281 1660 ac

213 1686 361 1777 speciem
381 1688 585 1755 adumbrare
606 1713 708 1779 quam
723 1687 797 1779 ipse
814 1688 934 1756 Cicero
950 1687 1170 1754 excellentem
1186 1696 1280 1777 puta·

212 1803 282 1870 bat.
308 1805 459 1872 Crassus
481 1803 640 1894 denique,
665 1828 706 1871 ex
725 1804 882 1871 omnibus
904 1803 1066 1871 Romanis
1086 1803 1281 1871 oratoribus

212 1919 270 2010 qui
292 1919 364 1986 vita
386 1930 617 2002 excesserant,
645 1920 947 2010 eloquentissimus
970 1930 1056 2000 erat,
1082 1929 1115 1987 ct
1138 1921 1281 1988 maxime

213 2034 354 2102 idoneus
376 2036 435 2127 qui
455 2037 673 2104 confiteretur
693 2037 759 2105 sibi
779 2037 900 2104 deesse
921 2036 1063 2128 aliquid,
1089 2039 1193 2106 alium
1220 2038 1282 2106 ali-

213 2174 312 2240 quem
332 2151 549 2242 praediceret
565 2152 702 2242 ingenio
720 2152 847 2220 maiore
863 2152 1067 2243 praeditum,
1085 2155 1281 2223 melioribus

213 2266 416 2334 instructum
432 2267 634 2359 disciplinis,
651 2269 791 2335 tandem
802 2268 845 2336 ad
855 2269 1043 2359 perlectam
1054 2270 1282 2361 eloquentiam

213 2394 465 2473 perventurum.

259 2529 302 2593 ll.
325 2567 370 2576 -
391 2530 430 2594 L.
457 2527 603 2594 Plotium
625 2528 763 2599 Gallum
786 2528 962 2598 Ciceronis
982 2529 1154 2596 inimicum
1174 2529 1281 2598 luisse

215 2643 304 2710 nullo
327 2653 529 2734 argumento
553 2646 804 2734 comprobatur.
832 2647 955 2711 Exstat
978 2645 1115 2736 quidem
1139 2646 1172 2712 in
1197 2647 1281 2713 Suc-

215 2758 284 2825 toni
313 2759 354 2825 de
384 2758 578 2826 rhetoribus
603 2760 729 2840 libello,
758 2784 867 2827 annm
893 2760 1126 2828 testimoninm
1151 2786 1190 2828 ex
1215 2785 1281 2852 quo

216 2884 347 2942 constat
369 2877 524 2943 Caelium
547 2876 705 2943 Atratino
728 2876 955 2967 exprobrasse
978 2878 1069 2967 qnod
1093 2877 1281 2945 orationem

215 2989 363 3057 dictante
379 2990 489 3058 Plotio
505 2991 723 3082 scripsisset:

254 3133 344 3194 Hunc
363 3133 500 3195 eundem
524 3136 607 3214 (nam
627 3134 807 3196 diutissime
827 3135 913 3216 vixit)
935 3135 978 3196 M.
1003 3135 1131 3198 Caelius
1153 3135 1184 3195 in
1209 3156 1281 3196 ora-

215 3221 299 3284 tione
314 3243 409 3305 quam
425 3244 484 3305 pro
501 3244 534 3284 sc
551 3223 589 3285 de
605 3224 635 3285 vi
651 3224 763 3286 habuit
782 3224 944 3307 significat
963 3225 1102 3286 dictasse
1122 3224 1279 3298 Atratino,

215 3311 390 3373 accusatori
407 3333 476 3386 suo,
493 3312 662 3375 actionem.
682 3313 813 3374 Sueton.
831 3313 870 3374 dc
886 3313 966 3375 rhet.
984 3319 1012 3374 2.

259 3455 335 3540 Qua
354 3453 511 3522 irrisione
532 3479 598 3522 non
619 3466 712 3523 certo
732 3456 897 3546 probatur
915 3479 995 3523 vere
1018 3455 1181 3523 dictatam
1204 3480 1280 3525 esse

216 3569 371 3638 Atratino
392 3595 412 3638 a
432 3575 470 3638 L.
494 3572 603 3639 Plotio
623 3572 822 3640 orationem.
851 3574 1012 3640 Ceterum
1038 3572 1140 3639 etiam
1165 3573 1194 3639 si
1219 3573 1281 3640 hoc

215 3697 397 3767 constaret,
428 3687 530 3755 immo
559 3688 588 3754 si
621 3691 661 3755 L.
698 3688 828 3756 Plotius
862 3688 936 3779 ipse
972 3699 1151 3755 accusator
1185 3688 1281 3756 Caeli

216 3802 347 3885 luisset,
382 3827 449 3870 non
482 3814 601 3894 posset
633 3804 710 3871 inde
745 3803 900 3871 concludi
929 3804 1035 3872 libros
1066 3804 1106 3871 de
1136 3805 1281 3872 Oratore

215 3928 331 3986 contra
346 3918 450 3986 istum
466 3920 612 3986 Plotium
628 3920 774 4010 scriptos
791 3944 880 3987 esse.

259 4037 307 4102 De
321 4036 445 4103 ceteris
459 4035 652 4103 rhetoribus
667 4036 798 4104 Latinis
808 4076 852 4086 -
863 4037 892 4104 si
905 4037 962 4127 qui
973 4046 1053 4103 tunc
1066 4035 1229 4104 vivebant
1239 4076 1283 4086 —

249 4218 273 4267 1.
295 4217 386 4278 Brut,
408 4218 451 4278 36,
474 4218 585 4278 las-44,
608 4217 675 4276 165;
697 4219 739 4277 47,
762 4218 831 4276 173;
853 4217 896 4278 50,
919 4218 988 4276 186;
1009 4217 1052 4277 59,
1069 4217 1119 4268 215
1135 4234 1140 4276 ς
1157 4215 1219 4277 Or.,
1237 4216 1279 4276 30,

216 4296 282 4354 106;
300 4296 361 4347 Βίν.
379 4297 473 4358 Caco,
491 4298 516 4356 8,
535 4298 586 4356 25;
602 4298 680 4358 Ver.,
699 4298 724 4357 1,
740 4299 782 4358 78,
800 4299 861 4362 191,
879 4306 933 4353 etc.

249 4377 273 4429 2.
295 4376 336 4430 Dc
352 4377 414 4440 Or.,
432 4379 457 4440 2,
473 4379 498 4440 2,
513 4379 545 4440 9;
563 4377 633 4446 att,
650 4378 675 4440 4,
693 4379 736 4442 16,
753 4379 779 4434 3.
