3086 5040
508 472 525 544 ἓ
544 474 570 530 1.
593 505 624 512 -
645 490 714 540 onio
734 489 858 530 starchi
878 491 1025 530 ossusnrr
1266 474 1302 530 at

272 623 366 702 Quod
381 623 413 684 in
428 623 467 684 iis
482 623 573 686 libris
589 643 670 706 quos
685 622 807 697 laudas,
826 642 998 706 personam
1018 622 1182 684 desideras
1204 621 1301 685 Scae-

228 713 332 786 volae,
368 733 432 774 non
466 733 536 774 eam
570 721 691 774 temere
720 711 838 774 dimovi
867 712 923 773 sed
952 712 1012 774 leci
1041 711 1126 793 quod
1155 711 1239 774 idem
1268 711 1300 774 in

229 811 356 882 πολιτείᾳ
384 801 463 864 deus
488 802 540 863 ille
565 812 675 863 noster
695 801 798 864 Plato.
824 802 904 864 Cum
927 802 959 862 in
981 801 1129 864 Piraeum
1153 800 1301 864 Socrates

229 892 372 953 venisset
386 890 426 952 ad
443 890 631 974 Cephalum,
649 891 841 974 locupletem
857 899 889 952 et
903 890 1051 952 festivum
1063 911 1183 965 senem,
1196 891 1301 973 quoad

229 982 355 1064 primus
384 980 437 1042 ille
466 1001 572 1042 sermo
602 981 747 1054 hahetur,
779 979 870 1041 adest
898 980 930 1041 in
964 979 1158 1062 disputando
1191 999 1298 1053 senex,

230 1070 358 1144 deinde,
381 1089 453 1131 cum
474 1070 544 1152 ipse
564 1089 691 1152 quoquc
711 1068 971 1132 commodissime
993 1069 1118 1130 locutus
1140 1077 1236 1142 esset,
1261 1068 1301 1130 ad

230 1179 298 1220 rem
310 1159 450 1219 divinam
462 1158 539 1220 dicit
550 1179 584 1220 sc
594 1158 676 1220 velle
692 1157 857 1219 discedere
873 1178 976 1240 neque
991 1166 1104 1240 postea
1119 1158 1298 1219 revertitur.

231 1247 337 1311 Credo
357 1248 522 1309 Platonem
542 1246 595 1309 vix
615 1258 746 1329 putasse
767 1247 846 1308 satis
866 1267 1042 1308 consonum
1062 1247 1129 1308 lore
1150 1246 1177 1308 si
1197 1246 1300 1308 homi-

229 1358 304 1398 nem
329 1337 361 1398 id
385 1337 500 1400 aetatis
524 1337 555 1397 in
580 1345 645 1398 tam
669 1335 768 1420 longo
790 1356 937 1398 sermone
959 1335 1079 1398 diutius
1103 1335 1298 1398 retinuisset.

229 1426 333 1487 Multo
353 1447 415 1509 ego
436 1426 541 1509 magis
560 1425 620 1486 hoc
641 1425 717 1486 mihi
738 1425 914 1487 cavendum
934 1425 1043 1508 putavi
1058 1425 1091 1486 in
1108 1424 1298 1487 Scaevola...

229 1516 296 1578 Au.
314 1520 343 1591 4,
363 1520 409 1590 ro,
427 1520 456 1578 a.

277 1667 422 1758 Propius
449 1666 492 1734 ad
519 1667 695 1734 Platonem
723 1666 869 1734 accessit
893 1690 969 1734 eum
994 1666 1028 1734 in
1052 1669 1198 1736 Oratore
1223 1691 1300 1757 per-

230 1784 340 1850 lectae
360 1782 574 1874 eloquentiae
595 1782 744 1874 speciem
763 1782 946 1850 informare
966 1793 1110 1850 conatus
1131 1793 1195 1850 est.
1214 1785 1301 1851 Tum

230 1899 322 1966 enim
338 1899 616 1967 commemoravit
629 1923 706 1966 esse
718 1922 831 1965 rerum
842 1899 968 1966 formas
980 1898 1122 1967 eximias
1134 1899 1301 1990 quasdam

231 2026 266 2082 et
285 2015 455 2106 perfectas
476 2037 563 2106 quae
584 2015 714 2082 ratione
732 2025 766 2082 et
780 2015 1016 2106 intellegentia
1033 2014 1298 2096 continerentur,

232 2131 274 2198 ad
300 2154 444 2222 quarum
467 2130 723 2198 similitudinem
748 2131 860 2198 omnia
885 2132 1105 2198 referrentur.
1130 2158 1146 2194 ‹<
1174 2135 1245 2198 Has
1267 2159 1298 2205 s,

231 2246 354 2337 inquit,
383 2273 398 2309 a
420 2270 534 2313 rerum
563 2247 689 2314 formas
719 2247 869 2338 appellat
902 2245 976 2324 ἰδέας
1003 2247 1058 2313 ille
1083 2271 1149 2313 non
1176 2246 1301 2314 intelli-

234 2390 250 2425 «
274 2362 376 2454 gendi
397 2363 506 2430 solum
527 2361 588 2429 sed
608 2364 711 2429 etiam
731 2361 865 2429 dicendi
886 2362 1116 2454 gravissimus
1133 2373 1252 2429 auctor
1266 2373 1301 2429 et

234 2505 251 2541 α
272 2478 438 2569 magister
453 2479 550 2545 Plato
567 2480 576 2524 ¹
594 2505 624 2545 ».
645 2481 688 2545 Et
703 2502 739 2545 re
755 2477 892 2568 quidem
905 2502 1000 2559 vera,
1014 2477 1116 2545 etiam
1133 2478 1162 2545 si
1176 2478 1211 2545 id
1225 2478 1300 2569 ipse

232 2619 299 2662 non
314 2594 514 2677 indicasset,
531 2594 618 2661 hanc
638 2595 828 2674 doctrinam
851 2619 868 2662 e
890 2594 1066 2662 Platonica
1085 2594 1299 2684 philosophia

232 2710 389 2777 haustam
405 2735 483 2778 esse
499 2734 617 2778 omnes
634 2721 874 2802 agnoscerent,
891 2733 993 2801 quam
1006 2710 1144 2778 videtur
1160 2711 1299 2779 Timaeo

233 2827 393 2894 debuisse
408 2829 431 2894 ².

276 2946 351 3010 Non
371 2943 478 3034 igitur
499 2943 605 3010 multa
627 2967 714 3034 quae
737 2942 780 3010 ad
804 2953 911 3010 artem
934 2942 1068 3010 dicendi
1090 2944 1300 3035 pertinerent

233 3058 353 3127 Cicero
369 3083 388 3126 a
404 3060 544 3126 Platone
562 3060 718 3148 sumpsit,
739 3059 799 3126 sed
815 3059 857 3126 iis
876 3060 1012 3150 quaein
1029 3060 1162 3150 Gorgia
1182 3069 1300 3126 contra

232 3173 435 3241 rhetoricam
469 3175 560 3242 dicta
593 3185 690 3242 erant
724 3175 877 3242 abutitur
908 3175 951 3242 ad
981 3176 1122 3265 perlecti
1152 3175 1299 3242 oratoris

232 3289 416 3382 imaginem
445 3290 724 3381 exprimendam;
753 3315 793 3357 ex
821 3291 977 3359 Phaedro
1003 3292 1149 3359 assumit
1172 3291 1299 3359 oratori

232 3406 480 3497 philosophiam
492 3430 570 3474 esse
582 3406 827 3488 necessariam,
837 3417 1017 3497 motusque
1029 3408 1218 3474 animorum
1226 3431 1299 3497 per·

233 3524 435 3606 noscendos,
448 3523 635 3613 ingenium,
649 3522 939 3606 exercitationem,
952 3534 1060 3590 artem
1071 3546 1148 3590 esse
1160 3522 1299 3589 coniun-

233 3638 364 3729 genda3
383 3639 576 3706 Phaedrum
592 3649 625 3705 et
641 3637 798 3706 Politiam
814 3638 847 3703 in
863 3638 991 3729 dialogi
1007 3639 1113 3706 forma
1129 3637 1298 3718 imitatur,

233 3779 250 3821 e
280 3755 419 3824 Timaeo
449 3754 638 3824 doctrinam
667 3754 708 3821 de
734 3754 866 3822 eximiis
889 3779 1001 3822 rerum
1027 3753 1207 3844 speciebus
1232 3754 1299 3820 lor-

233 3871 363 3962 misque
380 3883 566 3940 mutuatur.

268 4123 291 4172 1.
315 4121 480 4182 0r.,3,10.

270 4203 295 4255 2.
316 4201 360 4255 Cf.
378 4203 497 4274 Sandys,
518 4203 629 4264 Orator,
647 4221 675 4277 p.
692 4203 786 4257 11-12.
