<?xml version="1.0" encoding="UTF-8"?>
<!DOCTYPE html PUBLIC "-//W3C//DTD XHTML 1.0 Transitional//EN"
    "http://www.w3.org/TR/xhtml1/DTD/xhtml1-transitional.dtd">
<html xmlns="http://www.w3.org/1999/xhtml" xml:lang="en" lang="en">
 <head>
  <title>
</title>
<meta http-equiv="Content-Type" content="text/html;charset=utf-8" />
  <meta name='ocr-system' content='tesseract 3.04.00' />
  <meta name='ocr-capabilities' content='ocr_page ocr_carea ocr_par ocr_line ocrx_word'/>
</head>
<body>
  <div class='ocr_page' id='page_1' title='image "./demtulliciceron00laurgoog_0091.png"; bbox 0 0 3062 5050; ppageno 0'>
   <div class='ocr_carea' id='block_1_1' title="bbox 257 474 1215 539">
    <p class='ocr_par' dir='ltr' id='par_1_1' title="bbox 257 474 1215 539">
     <span class='ocr_line' id='line_1_1' title="bbox 257 474 1215 539; baseline -0.001 -8"><span class='ocrx_word' id='word_1_1' title='bbox 257 474 293 531; x_wconf 72' lang='lat' dir='ltr'><strong>fil}</strong></span> <span class='ocrx_word' id='word_1_2' title='bbox 371 490 464 532; x_wconf 78' lang='lat' dir='ltr'><strong>CAPUT</strong></span> <span class='ocrx_word' id='word_1_3' title='bbox 483 491 525 531; x_wconf 90' lang='lat' dir='ltr'><strong>Ill.</strong></span> <span class='ocrx_word' id='word_1_4' title='bbox 547 503 579 514; x_wconf 89' lang='lat'><strong>···</strong></span> <span class='ocrx_word' id='word_1_5' title='bbox 600 487 669 539; x_wconf 85' lang='lat' dir='ltr'><strong>QUID</strong></span> <span class='ocrx_word' id='word_1_6' title='bbox 690 489 924 532; x_wconf 77' lang='lat' dir='ltr'><strong>RECENTIORIBUS</strong></span> <span class='ocrx_word' id='word_1_7' title='bbox 943 489 1047 532; x_wconf 75' lang='lat' dir='ltr'><strong>CICERO</strong></span> <span class='ocrx_word' id='word_1_8' title='bbox 1067 489 1215 532; x_wconf 74' lang='lat' dir='ltr'><strong>DEBUEIII&#39;I&#39;</strong></span> 
     </span>
    </p>
   </div>
   <div class='ocr_carea' id='block_1_2' title="bbox 167 622 1326 2569">
    <p class='ocr_par' dir='ltr' id='par_1_2' title="bbox 227 622 1326 830">
     <span class='ocr_line' id='line_1_2' title="bbox 259 622 1326 717; baseline -0.003 -26"><span class='ocrx_word' id='word_1_9' title='bbox 259 624 404 692; x_wconf 92' lang='lat' dir='ltr'><strong>riuntur.</strong></span> <span class='ocrx_word' id='word_1_10' title='bbox 437 627 530 692; x_wconf 92' lang='lat' dir='ltr'><strong>Usus</strong></span> <span class='ocrx_word' id='word_1_11' title='bbox 559 633 613 690; x_wconf 91' lang='lat' dir='ltr'><strong>est</strong></span> <span class='ocrx_word' id='word_1_12' title='bbox 645 622 753 714; x_wconf 85' lang='lat' dir='ltr'><strong>igitur</strong></span> <span class='ocrx_word' id='word_1_13' title='bbox 785 623 906 693; x_wconf 89' lang='lat' dir='ltr'><strong>Cicero</strong></span> <span class='ocrx_word' id='word_1_14' title='bbox 939 625 1053 717; x_wconf 89' lang='lat' dir='ltr'><strong>aliquo</strong></span> <span class='ocrx_word' id='word_1_15' title='bbox 1085 624 1173 692; x_wconf 92' lang='lat' dir='ltr'><strong>libro</strong></span> <span class='ocrx_word' id='word_1_16' title='bbox 1207 622 1326 690; x_wconf 81' lang='lat' dir='ltr'>Latine</span> 
     </span>
     <span class='ocr_line' id='line_1_3' title="bbox 227 738 750 830; baseline -0.013 -18"><span class='ocrx_word' id='word_1_17' title='bbox 227 803 230 812; x_wconf 92' lang='lat'><strong>.</strong></span> <span class='ocrx_word' id='word_1_18' title='bbox 259 739 400 830; x_wconf 87' lang='lat' dir='ltr'><strong>scripto,</strong></span> <span class='ocrx_word' id='word_1_19' title='bbox 417 738 572 829; x_wconf 91' lang='lat' dir='ltr'><strong>pluribus</strong></span> <span class='ocrx_word' id='word_1_20' title='bbox 588 738 750 806; x_wconf 87' lang='lat' dir='ltr'><strong>sortasse.</strong></span> 
     </span>
    </p>

    <p class='ocr_par' dir='ltr' id='par_1_3' title="bbox 167 853 1326 2569">
     <span class='ocr_line' id='line_1_4' title="bbox 304 853 1326 947; baseline -0.003 -24"><span class='ocrx_word' id='word_1_21' title='bbox 304 857 350 923; x_wconf 86' lang='lat' dir='ltr'><strong>At</strong></span> <span class='ocrx_word' id='word_1_22' title='bbox 379 877 445 945; x_wconf 93' lang='lat' dir='ltr'><strong>quo</strong></span> <span class='ocrx_word' id='word_1_23' title='bbox 473 854 592 921; x_wconf 81' lang='lat' dir='ltr'><strong>libro?</strong></span> <span class='ocrx_word' id='word_1_24' title='bbox 614 857 666 920; x_wconf 89' lang='lat' dir='ltr'><strong>Ex</strong></span> <span class='ocrx_word' id='word_1_25' title='bbox 695 853 828 922; x_wconf 90' lang='lat' dir='ltr'><strong>Latinis</strong></span> <span class='ocrx_word' id='word_1_26' title='bbox 858 856 1003 940; x_wconf 88' lang='lat' dir='ltr'><strong>artibus,</strong></span> <span class='ocrx_word' id='word_1_27' title='bbox 1033 879 1121 947; x_wconf 89' lang='lat' dir='ltr'><strong>quae</strong></span> <span class='ocrx_word' id='word_1_28' title='bbox 1151 853 1326 925; x_wconf 84' lang='lat' dir='ltr'><strong>Ciceronis</strong></span> 
     </span>
     <span class='ocr_line' id='line_1_5' title="bbox 258 970 1326 1062; baseline -0.002 -23"><span class='ocrx_word' id='word_1_29' title='bbox 258 983 411 1062; x_wconf 91' lang='lat' dir='ltr'><strong>tempore</strong></span> <span class='ocrx_word' id='word_1_30' title='bbox 432 970 579 1061; x_wconf 80' lang='lat' dir='ltr'><strong>scriptae</strong></span> <span class='ocrx_word' id='word_1_31' title='bbox 600 980 692 1055; x_wconf 87' lang='lat' dir='ltr'><strong>sunt,</strong></span> <span class='ocrx_word' id='word_1_32' title='bbox 713 994 781 1038; x_wconf 93' lang='lat' dir='ltr'><strong>una</strong></span> <span class='ocrx_word' id='word_1_33' title='bbox 798 983 979 1062; x_wconf 90' lang='lat' dir='ltr'><strong>superest:</strong></span> <span class='ocrx_word' id='word_1_34' title='bbox 1003 971 1185 1040; x_wconf 79' lang='lat' dir='ltr'><strong>Rhetorica</strong></span> <span class='ocrx_word' id='word_1_35' title='bbox 1200 971 1243 1039; x_wconf 90' lang='lat' dir='ltr'><strong>ad</strong></span> <span class='ocrx_word' id='word_1_36' title='bbox 1260 974 1326 1037; x_wconf 91' lang='lat' dir='ltr'><strong>He-</strong></span> 
     </span>
     <span class='ocr_line' id='line_1_6' title="bbox 259 1087 1326 1174; baseline 0.003 -21"><span class='ocrx_word' id='word_1_37' title='bbox 259 1087 425 1155; x_wconf 90' lang='lat' dir='ltr'><strong>rennium.</strong></span> <span class='ocrx_word' id='word_1_38' title='bbox 452 1089 549 1174; x_wconf 85' lang='lat' dir='ltr'><strong>Quae</strong></span> <span class='ocrx_word' id='word_1_39' title='bbox 574 1109 656 1154; x_wconf 89' lang='lat' dir='ltr'><strong>vero</strong></span> <span class='ocrx_word' id='word_1_40' title='bbox 682 1087 771 1154; x_wconf 90' lang='lat' dir='ltr'><strong>inter</strong></span> <span class='ocrx_word' id='word_1_41' title='bbox 797 1111 872 1155; x_wconf 91' lang='lat' dir='ltr'><strong>eam</strong></span> <span class='ocrx_word' id='word_1_42' title='bbox 894 1097 929 1155; x_wconf 90' lang='lat' dir='ltr'><strong>et</strong></span> <span class='ocrx_word' id='word_1_43' title='bbox 952 1087 1058 1157; x_wconf 86' lang='lat' dir='ltr'><strong>libros</strong></span> <span class='ocrx_word' id='word_1_44' title='bbox 1082 1088 1259 1158; x_wconf 85' lang='lat' dir='ltr'><strong>Ciceronis</strong></span> <span class='ocrx_word' id='word_1_45' title='bbox 1285 1088 1326 1156; x_wconf 92' lang='lat' dir='ltr'><strong>de</strong></span> 
     </span>
     <span class='ocr_line' id='line_1_7' title="bbox 260 1202 1326 1294; baseline -0.001 -24"><span class='ocrx_word' id='word_1_46' title='bbox 260 1203 458 1271; x_wconf 79' lang='lat' dir='ltr'><strong>Inventione</strong></span> <span class='ocrx_word' id='word_1_47' title='bbox 474 1202 561 1270; x_wconf 89' lang='lat' dir='ltr'><strong>ratio</strong></span> <span class='ocrx_word' id='word_1_48' title='bbox 576 1203 778 1284; x_wconf 86' lang='lat' dir='ltr'><strong>intercedat,</strong></span> <span class='ocrx_word' id='word_1_49' title='bbox 797 1203 981 1294; x_wconf 85' lang='lat' dir='ltr'><strong>diligenter</strong></span> <span class='ocrx_word' id='word_1_50' title='bbox 999 1215 1093 1272; x_wconf 89' lang='lat' dir='ltr'><strong>esset</strong></span> <span class='ocrx_word' id='word_1_51' title='bbox 1112 1203 1326 1292; x_wconf 78' lang='lat' dir='ltr'><strong>investigan-</strong></span> 
     </span>
     <span class='ocr_line' id='line_1_8' title="bbox 259 1318 1325 1410; baseline -0.001 -24"><span class='ocrx_word' id='word_1_52' title='bbox 259 1319 339 1386; x_wconf 94' lang='lat' dir='ltr'><strong>dum</strong></span> <span class='ocrx_word' id='word_1_53' title='bbox 354 1319 420 1387; x_wconf 92' lang='lat' dir='ltr'><strong>nisi</strong></span> <span class='ocrx_word' id='word_1_54' title='bbox 435 1319 503 1386; x_wconf 89' lang='lat' dir='ltr'><strong>iam</strong></span> <span class='ocrx_word' id='word_1_55' title='bbox 518 1318 559 1388; x_wconf 95' lang='lat' dir='ltr'><strong>de</strong></span> <span class='ocrx_word' id='word_1_56' title='bbox 579 1319 642 1385; x_wconf 86' lang='lat' dir='ltr'><strong>hac</strong></span> <span class='ocrx_word' id='word_1_57' title='bbox 662 1320 863 1410; x_wconf 86' lang='lat' dir='ltr'><strong>quaestione</strong></span> <span class='ocrx_word' id='word_1_58' title='bbox 879 1320 1083 1410; x_wconf 87' lang='lat' dir='ltr'><strong>saepissime</strong></span> <span class='ocrx_word' id='word_1_59' title='bbox 1100 1330 1193 1388; x_wconf 89' lang='lat' dir='ltr'><strong>esset</strong></span> <span class='ocrx_word' id='word_1_60' title='bbox 1209 1319 1325 1410; x_wconf 86' lang='lat' dir='ltr'><strong>dispu-</strong></span> 
     </span>
     <span class='ocr_line' id='line_1_9' title="bbox 258 1414 1324 1527; baseline 0 -25"><span class='ocrx_word' id='word_1_61' title='bbox 258 1435 682 1527; x_wconf 86' lang='lat' dir='ltr'><strong>tatum,omniaque,quae</strong></span> <span class='ocrx_word' id='word_1_62' title='bbox 694 1414 752 1502; x_wconf 81' lang='lat' dir='ltr'><strong>aut</strong></span> <span class='ocrx_word' id='word_1_63' title='bbox 763 1446 965 1527; x_wconf 89' lang='lat' dir='ltr'><strong>argumento</strong></span> <span class='ocrx_word' id='word_1_64' title='bbox 977 1459 1054 1504; x_wconf 90' lang='lat' dir='ltr'><strong>esse</strong></span> <span class='ocrx_word' id='word_1_65' title='bbox 1066 1434 1324 1527; x_wconf 85' lang='lat' dir='ltr'><strong>autargumenti</strong></span> 
     </span>
     <span class='ocr_line' id='line_1_10' title="bbox 260 1550 1325 1642; baseline 0 -24"><span class='ocrx_word' id='word_1_66' title='bbox 260 1550 515 1618; x_wconf 93' lang='lat' dir='ltr'><strong>similitudinem</strong></span> <span class='ocrx_word' id='word_1_67' title='bbox 538 1550 686 1642; x_wconf 86' lang='lat' dir='ltr'><strong>aliquam</strong></span> <span class='ocrx_word' id='word_1_68' title='bbox 708 1551 834 1618; x_wconf 91' lang='lat' dir='ltr'><strong>habere</strong></span> <span class='ocrx_word' id='word_1_69' title='bbox 857 1561 1011 1642; x_wconf 89' lang='lat' dir='ltr'><strong>possent,</strong></span> <span class='ocrx_word' id='word_1_70' title='bbox 1028 1551 1156 1620; x_wconf 91' lang='lat' dir='ltr'><strong>iamdiu</strong></span> <span class='ocrx_word' id='word_1_71' title='bbox 1172 1562 1325 1619; x_wconf 87' lang='lat' dir='ltr'><strong>essenta</strong></span> 
     </span>
     <span class='ocr_line' id='line_1_11' title="bbox 167 1665 1325 1760; baseline -0.001 -26"><span class='ocrx_word' id='word_1_72' title='bbox 167 1705 171 1715; x_wconf 57' lang='lat'><strong>⁴</strong></span> <span class='ocrx_word' id='word_1_73' title='bbox 258 1666 467 1734; x_wconf 87' lang='lat' dir='ltr'><strong>doctissimis</strong></span> <span class='ocrx_word' id='word_1_74' title='bbox 488 1665 681 1734; x_wconf 86' lang='lat' dir='ltr'><strong>hominihus</strong></span> <span class='ocrx_word' id='word_1_75' title='bbox 701 1667 806 1734; x_wconf 91' lang='lat' dir='ltr'><strong>allata</strong></span> <span class='ocrx_word' id='word_1_76' title='bbox 826 1669 849 1734; x_wconf 88' lang='lat'><strong>¹.</strong></span> <span class='ocrx_word' id='word_1_77' title='bbox 868 1669 1083 1760; x_wconf 87' lang='lat' dir='ltr'><strong>Quamquam</strong></span> <span class='ocrx_word' id='word_1_78' title='bbox 1096 1691 1179 1735; x_wconf 88' lang='lat' dir='ltr'><strong>vero</strong></span> <span class='ocrx_word' id='word_1_79' title='bbox 1194 1667 1277 1734; x_wconf 94' lang='lat' dir='ltr'><strong>nihil</strong></span> <span class='ocrx_word' id='word_1_80' title='bbox 1291 1665 1325 1733; x_wconf 93' lang='lat' dir='ltr'><strong>in</strong></span> 
     </span>
     <span class='ocr_line' id='line_1_12' title="bbox 259 1781 1325 1875; baseline -0.002 -24"><span class='ocrx_word' id='word_1_81' title='bbox 259 1806 299 1851; x_wconf 87' lang='lat' dir='ltr'><strong>ea</strong></span> <span class='ocrx_word' id='word_1_82' title='bbox 315 1807 351 1850; x_wconf 94' lang='lat' dir='ltr'><strong>re</strong></span> <span class='ocrx_word' id='word_1_83' title='bbox 371 1782 470 1873; x_wconf 88' lang='lat' dir='ltr'><strong>plane</strong></span> <span class='ocrx_word' id='word_1_84' title='bbox 487 1793 617 1850; x_wconf 89' lang='lat' dir='ltr'><strong>certum</strong></span> <span class='ocrx_word' id='word_1_85' title='bbox 632 1783 801 1850; x_wconf 88' lang='lat' dir='ltr'><strong>allirmare</strong></span> <span class='ocrx_word' id='word_1_86' title='bbox 821 1807 975 1874; x_wconf 88' lang='lat' dir='ltr'><strong>possum,</strong></span> <span class='ocrx_word' id='word_1_87' title='bbox 997 1793 1112 1851; x_wconf 89' lang='lat' dir='ltr'><strong>tamen</strong></span> <span class='ocrx_word' id='word_1_88' title='bbox 1131 1785 1234 1875; x_wconf 87' lang='lat' dir='ltr'><strong>longe</strong></span> <span class='ocrx_word' id='word_1_89' title='bbox 1252 1781 1325 1850; x_wconf 90' lang='lat' dir='ltr'><strong>veri</strong></span> 
     </span>
     <span class='ocr_line' id='line_1_13' title="bbox 259 1898 1322 1989; baseline -0.001 -23"><span class='ocrx_word' id='word_1_90' title='bbox 259 1898 404 1967; x_wconf 87' lang='lat' dir='ltr'><strong>similius</strong></span> <span class='ocrx_word' id='word_1_91' title='bbox 419 1910 502 1989; x_wconf 93' lang='lat' dir='ltr'><strong>puto</strong></span> <span class='ocrx_word' id='word_1_92' title='bbox 517 1898 717 1968; x_wconf 89' lang='lat' dir='ltr'><strong>Ciceronem</strong></span> <span class='ocrx_word' id='word_1_93' title='bbox 732 1898 829 1967; x_wconf 90' lang='lat' dir='ltr'><strong>libris</strong></span> <span class='ocrx_word' id='word_1_94' title='bbox 845 1899 888 1968; x_wconf 91' lang='lat' dir='ltr'><strong>ad</strong></span> <span class='ocrx_word' id='word_1_95' title='bbox 905 1899 1112 1968; x_wconf 91' lang='lat' dir='ltr'><strong>Herennium</strong></span> <span class='ocrx_word' id='word_1_96' title='bbox 1123 1923 1224 1967; x_wconf 89' lang='lat' dir='ltr'><strong>usum</strong></span> <span class='ocrx_word' id='word_1_97' title='bbox 1235 1923 1322 1966; x_wconf 88' lang='lat' dir='ltr'><strong>esse.</strong></span> 
     </span>
     <span class='ocr_line' id='line_1_14' title="bbox 258 2014 1322 2107; baseline -0.001 -24"><span class='ocrx_word' id='word_1_98' title='bbox 258 2020 334 2083; x_wconf 91' lang='lat' dir='ltr'><strong>Non</strong></span> <span class='ocrx_word' id='word_1_99' title='bbox 349 2015 391 2082; x_wconf 90' lang='lat' dir='ltr'><strong>iis</strong></span> <span class='ocrx_word' id='word_1_100' title='bbox 407 2014 543 2107; x_wconf 93' lang='lat' dir='ltr'><strong>quidem</strong></span> <span class='ocrx_word' id='word_1_101' title='bbox 560 2014 642 2083; x_wconf 91' lang='lat' dir='ltr'><strong>solis</strong></span> <span class='ocrx_word' id='word_1_102' title='bbox 657 2056 701 2065; x_wconf 89' lang='lat'>—</span> <span class='ocrx_word' id='word_1_103' title='bbox 715 2037 791 2082; x_wconf 95' lang='lat' dir='ltr'><strong>cum</strong></span> <span class='ocrx_word' id='word_1_104' title='bbox 807 2038 910 2106; x_wconf 88' lang='lat' dir='ltr'><strong>saepe</strong></span> <span class='ocrx_word' id='word_1_105' title='bbox 926 2016 1032 2084; x_wconf 95' lang='lat' dir='ltr'><strong>multo</strong></span> <span class='ocrx_word' id='word_1_106' title='bbox 1047 2015 1146 2106; x_wconf 95' lang='lat' dir='ltr'><strong>plura</strong></span> <span class='ocrx_word' id='word_1_107' title='bbox 1160 2015 1322 2106; x_wconf 84' lang='lat' dir='ltr'><strong>proferat,</strong></span> 
     </span>
     <span class='ocr_line' id='line_1_15' title="bbox 259 2127 1324 2224; baseline -0.002 -25"><span class='ocrx_word' id='word_1_108' title='bbox 259 2155 346 2224; x_wconf 91' lang='lat' dir='ltr'><strong>quae</strong></span> <span class='ocrx_word' id='word_1_109' title='bbox 366 2154 475 2223; x_wconf 89' lang='lat' dir='ltr'><strong>neque</strong></span> <span class='ocrx_word' id='word_1_110' title='bbox 495 2130 530 2199; x_wconf 93' lang='lat' dir='ltr'><strong>in</strong></span> <span class='ocrx_word' id='word_1_111' title='bbox 549 2131 592 2198; x_wconf 91' lang='lat' dir='ltr'><strong>iis</strong></span> <span class='ocrx_word' id='word_1_112' title='bbox 611 2130 839 2221; x_wconf 92' lang='lat' dir='ltr'><strong>reperiuntur,</strong></span> <span class='ocrx_word' id='word_1_113' title='bbox 862 2154 924 2200; x_wconf 91' lang='lat' dir='ltr'><strong>nec</strong></span> <span class='ocrx_word' id='word_1_114' title='bbox 943 2131 986 2199; x_wconf 87' lang='lat' dir='ltr'><strong>ab</strong></span> <span class='ocrx_word' id='word_1_115' title='bbox 1002 2131 1078 2222; x_wconf 90' lang='lat' dir='ltr'><strong>ipso</strong></span> <span class='ocrx_word' id='word_1_116' title='bbox 1094 2141 1173 2199; x_wconf 90' lang='lat' dir='ltr'><strong>sunt</strong></span> <span class='ocrx_word' id='word_1_117' title='bbox 1189 2127 1324 2222; x_wconf 86' lang='lat' dir='ltr'><strong>excogi-</strong></span> 
     </span>
     <span class='ocr_line' id='line_1_16' title="bbox 257 2243 1324 2339; baseline -0.002 -24"><span class='ocrx_word' id='word_1_118' title='bbox 257 2257 330 2316; x_wconf 86' lang='lat' dir='ltr'><strong>tata</strong></span> <span class='ocrx_word' id='word_1_119' title='bbox 349 2273 417 2330; x_wconf 78' lang='lat'><strong>—3</strong></span> <span class='ocrx_word' id='word_1_120' title='bbox 440 2248 501 2315; x_wconf 91' lang='lat' dir='ltr'><strong>sed</strong></span> <span class='ocrx_word' id='word_1_121' title='bbox 520 2247 609 2316; x_wconf 88' lang='lat' dir='ltr'><strong>inter</strong></span> <span class='ocrx_word' id='word_1_122' title='bbox 629 2247 713 2315; x_wconf 89' lang='lat' dir='ltr'><strong>alios</strong></span> <span class='ocrx_word' id='word_1_123' title='bbox 733 2247 852 2331; x_wconf 89' lang='lat' dir='ltr'><strong>libros,</strong></span> <span class='ocrx_word' id='word_1_124' title='bbox 874 2271 1017 2339; x_wconf 91' lang='lat' dir='ltr'><strong>quorum</strong></span> <span class='ocrx_word' id='word_1_125' title='bbox 1032 2247 1185 2338; x_wconf 92' lang='lat' dir='ltr'><strong>plerique</strong></span> <span class='ocrx_word' id='word_1_126' title='bbox 1201 2243 1324 2316; x_wconf 89' lang='lat' dir='ltr'><strong>Graeci</strong></span> 
     </span>
     <span class='ocr_line' id='line_1_17' title="bbox 258 2362 1323 2447; baseline -0.003 -15"><span class='ocrx_word' id='word_1_127' title='bbox 258 2374 368 2447; x_wconf 91' lang='lat' dir='ltr'><strong>erant,</strong></span> <span class='ocrx_word' id='word_1_128' title='bbox 391 2386 458 2432; x_wconf 94' lang='lat' dir='ltr'><strong>non</strong></span> <span class='ocrx_word' id='word_1_129' title='bbox 478 2363 561 2430; x_wconf 92' lang='lat' dir='ltr'><strong>nulli</strong></span> <span class='ocrx_word' id='word_1_130' title='bbox 581 2363 728 2432; x_wconf 86' lang='lat' dir='ltr'><strong>fortasse</strong></span> <span class='ocrx_word' id='word_1_131' title='bbox 748 2362 875 2446; x_wconf 91' lang='lat' dir='ltr'><strong>Latini,</strong></span> <span class='ocrx_word' id='word_1_132' title='bbox 896 2362 1112 2432; x_wconf 87' lang='lat' dir='ltr'><strong>Rhetoricam</strong></span> <span class='ocrx_word' id='word_1_133' title='bbox 1132 2362 1175 2430; x_wconf 89' lang='lat' dir='ltr'><strong>ad</strong></span> <span class='ocrx_word' id='word_1_134' title='bbox 1196 2367 1323 2430; x_wconf 92' lang='lat' dir='ltr'><strong>Heren-</strong></span> 
     </span>
     <span class='ocr_line' id='line_1_18' title="bbox 258 2478 1324 2569; baseline 0 -23"><span class='ocrx_word' id='word_1_135' title='bbox 258 2479 363 2563; x_wconf 87' lang='lat' dir='ltr'><strong>nium,</strong></span> <span class='ocrx_word' id='word_1_136' title='bbox 375 2489 413 2547; x_wconf 92' lang='lat' dir='ltr'><strong>nt</strong></span> <span class='ocrx_word' id='word_1_137' title='bbox 427 2479 501 2547; x_wconf 88' lang='lat' dir='ltr'><strong>veri</strong></span> <span class='ocrx_word' id='word_1_138' title='bbox 516 2479 661 2547; x_wconf 89' lang='lat' dir='ltr'><strong>similius</strong></span> <span class='ocrx_word' id='word_1_139' title='bbox 677 2488 741 2560; x_wconf 87' lang='lat' dir='ltr'><strong>est,</strong></span> <span class='ocrx_word' id='word_1_140' title='bbox 755 2478 885 2547; x_wconf 87' lang='lat' dir='ltr'><strong>hahuit.</strong></span> <span class='ocrx_word' id='word_1_141' title='bbox 901 2478 939 2548; x_wconf 97' lang='lat' dir='ltr'><strong>Id</strong></span> <span class='ocrx_word' id='word_1_142' title='bbox 954 2479 1024 2546; x_wconf 84' lang='lat' dir='ltr'><strong>lere</strong></span> <span class='ocrx_word' id='word_1_143' title='bbox 1040 2488 1175 2546; x_wconf 87' lang='lat' dir='ltr'><strong>constat</strong></span> <span class='ocrx_word' id='word_1_144' title='bbox 1189 2502 1324 2569; x_wconf 90' lang='lat' dir='ltr'><strong>compa-</strong></span> 
     </span>
    </p>
   </div>
   <div class='ocr_carea' id='block_1_3' title="bbox 258 2594 1324 2688">
    <p class='ocr_par' dir='ltr' id='par_1_4' title="bbox 258 2594 1324 2688">
     <span class='ocr_line' id='line_1_19' title="bbox 258 2594 1324 2688; baseline -0.001 -26"><span class='ocrx_word' id='word_1_145' title='bbox 258 2595 348 2663; x_wconf 90' lang='lat' dir='ltr'><strong>ranti</strong></span> <span class='ocrx_word' id='word_1_146' title='bbox 363 2619 450 2686; x_wconf 87' lang='lat' dir='ltr'><strong>quae</strong></span> <span class='ocrx_word' id='word_1_147' title='bbox 466 2605 608 2688; x_wconf 89' lang='lat' dir='ltr'><strong>uterque</strong></span> <span class='ocrx_word' id='word_1_148' title='bbox 624 2595 665 2664; x_wconf 92' lang='lat' dir='ltr'><strong>de</strong></span> <span class='ocrx_word' id='word_1_149' title='bbox 680 2594 911 2663; x_wconf 86' lang='lat' dir='ltr'><strong>insinuatione</strong></span> <span class='ocrx_word' id='word_1_150' title='bbox 927 2594 1066 2686; x_wconf 87' lang='lat' dir='ltr'><strong>scripsit</strong></span> <span class='ocrx_word' id='word_1_151' title='bbox 1081 2597 1115 2663; x_wconf 72' lang='lat'><strong>²:</strong></span> <span class='ocrx_word' id='word_1_152' title='bbox 1134 2617 1221 2687; x_wconf 87' lang='lat' dir='ltr'><strong>quae</strong></span> <span class='ocrx_word' id='word_1_153' title='bbox 1237 2595 1324 2662; x_wconf 92' lang='lat' dir='ltr'><strong>enim</strong></span> 
     </span>
    </p>
   </div>
   <div class='ocr_carea' id='block_1_4' title="bbox 256 2827 1325 4414">
    <p class='ocr_par' dir='ltr' id='par_1_5' title="bbox 256 2827 1324 3776">
     <span class='ocr_line' id='line_1_20' title="bbox 294 2827 1321 2899; baseline -0.002 -19"><span class='ocrx_word' id='word_1_154' title='bbox 294 2831 319 2880; x_wconf 91' lang='grc'><strong>1.</strong></span> <span class='ocrx_word' id='word_1_155' title='bbox 341 2827 477 2899; x_wconf 87' lang='lat' dir='ltr'><strong>Purgold‚</strong></span> <span class='ocrx_word' id='word_1_156' title='bbox 505 2828 720 2882; x_wconf 78' lang='lat' dir='ltr'><strong>Observationes</strong></span> <span class='ocrx_word' id='word_1_157' title='bbox 745 2827 870 2886; x_wconf 84' lang='lat' dir='ltr'><strong>criticae,</strong></span> <span class='ocrx_word' id='word_1_158' title='bbox 896 2848 924 2898; x_wconf 94' lang='lat' dir='ltr'><strong>p.</strong></span> <span class='ocrx_word' id='word_1_159' title='bbox 948 2829 1088 2886; x_wconf 75' lang='lat'><strong>301-321;</strong></span> <span class='ocrx_word' id='word_1_160' title='bbox 1111 2829 1321 2884; x_wconf 85' lang='lat' dir='ltr'><strong>Westermann,</strong></span> 
     </span>
     <span class='ocr_line' id='line_1_21' title="bbox 261 2906 1324 2978; baseline -0.003 -16"><span class='ocrx_word' id='word_1_161' title='bbox 261 2907 425 2962; x_wconf 81' lang='lat' dir='ltr'><strong>Geschiclrte</strong></span> <span class='ocrx_word' id='word_1_162' title='bbox 440 2907 492 2961; x_wconf 90' lang='lat' dir='ltr'><strong>der</strong></span> <span class='ocrx_word' id='word_1_163' title='bbox 508 2907 665 2961; x_wconf 77' lang='lat' dir='ltr'><strong>romischen</strong></span> <span class='ocrx_word' id='word_1_164' title='bbox 680 2906 918 2965; x_wconf 79' lang='lat' dir='ltr'><strong>Beredtsamkeit</strong></span> <span class='ocrx_word' id='word_1_165' title='bbox 936 2927 964 2978; x_wconf 94' lang='lat' dir='ltr'><strong>p.</strong></span> <span class='ocrx_word' id='word_1_166' title='bbox 982 2909 1051 2968; x_wconf 88' lang='grc'><strong>188;</strong></span> <span class='ocrx_word' id='word_1_167' title='bbox 1068 2909 1171 2969; x_wconf 91' lang='lat' dir='ltr'><strong>Bader,</strong></span> <span class='ocrx_word' id='word_1_168' title='bbox 1188 2909 1229 2960; x_wconf 90' lang='lat' dir='ltr'><strong>De</strong></span> <span class='ocrx_word' id='word_1_169' title='bbox 1247 2907 1324 2960; x_wconf 83' lang='lat' dir='ltr'><strong>Cice-</strong></span> 
     </span>
     <span class='ocr_line' id='line_1_22' title="bbox 258 2986 1323 3058; baseline -0.001 -18"><span class='ocrx_word' id='word_1_170' title='bbox 258 2989 336 3041; x_wconf 91' lang='lat' dir='ltr'><strong>ronis</strong></span> <span class='ocrx_word' id='word_1_171' title='bbox 356 2987 561 3041; x_wconf 84' lang='lat' dir='ltr'><strong>rhetoricorum</strong></span> <span class='ocrx_word' id='word_1_172' title='bbox 581 2988 671 3047; x_wconf 85' lang='lat' dir='ltr'><strong>libris,</strong></span> <span class='ocrx_word' id='word_1_173' title='bbox 695 3007 723 3058; x_wconf 97' lang='lat' dir='ltr'><strong>p.</strong></span> <span class='ocrx_word' id='word_1_174' title='bbox 745 2989 831 3046; x_wconf 88' lang='grc'><strong>6-18;</strong></span> <span class='ocrx_word' id='word_1_175' title='bbox 850 2987 959 3048; x_wconf 87' lang='lat' dir='ltr'><strong>Thiele,</strong></span> <span class='ocrx_word' id='word_1_176' title='bbox 987 2988 1175 3055; x_wconf 82' lang='lat' dir='ltr'><strong>Quaestioncs</strong></span> <span class='ocrx_word' id='word_1_177' title='bbox 1198 2986 1233 3040; x_wconf 90' lang='lat' dir='ltr'><strong>de</strong></span> <span class='ocrx_word' id='word_1_178' title='bbox 1259 2989 1323 3040; x_wconf 83' lang='lat' dir='ltr'><strong>Cor-</strong></span> 
     </span>
     <span class='ocr_line' id='line_1_23' title="bbox 258 3067 1322 3139; baseline -0.001 -19"><span class='ocrx_word' id='word_1_179' title='bbox 258 3068 337 3139; x_wconf 77' lang='lat' dir='ltr'><strong>nifici</strong></span> <span class='ocrx_word' id='word_1_180' title='bbox 367 3075 394 3120; x_wconf 87' lang='lat' dir='ltr'><strong>et</strong></span> <span class='ocrx_word' id='word_1_181' title='bbox 429 3067 571 3120; x_wconf 83' lang='lat' dir='ltr'><strong>Ciceronis</strong></span> <span class='ocrx_word' id='word_1_182' title='bbox 603 3067 715 3120; x_wconf 84' lang='lat' dir='ltr'><strong>artibus</strong></span> <span class='ocrx_word' id='word_1_183' title='bbox 747 3067 928 3127; x_wconf 82' lang='lat' dir='ltr'><strong>rhetoricis,·</strong></span> <span class='ocrx_word' id='word_1_184' title='bbox 960 3068 1163 3137; x_wconf 78' lang='lat' dir='ltr'><strong>Hermagoras,</strong></span> <span class='ocrx_word' id='word_1_185' title='bbox 1197 3087 1226 3138; x_wconf 90' lang='lat' dir='ltr'><strong>p.</strong></span> <span class='ocrx_word' id='word_1_186' title='bbox 1258 3068 1291 3120; x_wconf 84' lang='lat'><strong>93</strong></span> <span class='ocrx_word' id='word_1_187' title='bbox 1316 3086 1322 3125; x_wconf 89' lang='lat'>;</span> 
     </span>
     <span class='ocr_line' id='line_1_24' title="bbox 261 3146 1324 3217; baseline -0.001 -18"><span class='ocrx_word' id='word_1_188' title='bbox 261 3147 452 3217; x_wconf 77' lang='lat' dir='ltr'><strong>Gottingische</strong></span> <span class='ocrx_word' id='word_1_189' title='bbox 484 3146 612 3200; x_wconf 79' lang='lat' dir='ltr'><strong>Gelelrrte</strong></span> <span class='ocrx_word' id='word_1_190' title='bbox 640 3147 792 3217; x_wconf 82' lang='lat' dir='ltr'><strong>Anzeigcn,</strong></span> <span class='ocrx_word' id='word_1_191' title='bbox 822 3148 900 3207; x_wconf 87' lang='grc'><strong>1895,</strong></span> <span class='ocrx_word' id='word_1_192' title='bbox 927 3166 955 3217; x_wconf 94' lang='lat' dir='ltr'><strong>p.</strong></span> <span class='ocrx_word' id='word_1_193' title='bbox 983 3149 1123 3206; x_wconf 85' lang='lat'><strong>730-733;</strong></span> <span class='ocrx_word' id='word_1_194' title='bbox 1147 3147 1262 3208; x_wconf 89' lang='lat' dir='ltr'><strong>Curcio,</strong></span> <span class='ocrx_word' id='word_1_195' title='bbox 1288 3149 1324 3198; x_wconf 89' lang='lat' dir='ltr'><strong>Le</strong></span> 
     </span>
     <span class='ocr_line' id='line_1_25' title="bbox 256 3225 1323 3302; baseline -0.002 -23"><span class='ocrx_word' id='word_1_196' title='bbox 256 3244 341 3302; x_wconf 90' lang='lat' dir='ltr'><strong>opere</strong></span> <span class='ocrx_word' id='word_1_197' title='bbox 357 3226 503 3285; x_wconf 80' lang='lat' dir='ltr'><strong>retoriclte,</strong></span> <span class='ocrx_word' id='word_1_198' title='bbox 522 3246 549 3296; x_wconf 93' lang='lat' dir='ltr'><strong>p.</strong></span> <span class='ocrx_word' id='word_1_199' title='bbox 566 3228 669 3285; x_wconf 86' lang='grc'><strong>77-87;</strong></span> <span class='ocrx_word' id='word_1_200' title='bbox 687 3227 719 3279; x_wconf 89' lang='lat' dir='ltr'><strong>L.</strong></span> <span class='ocrx_word' id='word_1_201' title='bbox 738 3227 871 3297; x_wconf 86' lang='lat' dir='ltr'><strong>Spengel,</strong></span> <span class='ocrx_word' id='word_1_202' title='bbox 888 3225 940 3278; x_wconf 89' lang='lat' dir='ltr'><strong>Die</strong></span> <span class='ocrx_word' id='word_1_203' title='bbox 952 3227 1108 3298; x_wconf 85' lang='lat' dir='ltr'><strong>Definition</strong></span> <span class='ocrx_word' id='word_1_204' title='bbox 1123 3225 1181 3279; x_wconf 85' lang='lat' dir='ltr'><strong>und</strong></span> <span class='ocrx_word' id='word_1_205' title='bbox 1193 3225 1323 3279; x_wconf 85' lang='lat' dir='ltr'><strong>Einthci-</strong></span> 
     </span>
     <span class='ocr_line' id='line_1_26' title="bbox 258 3303 1320 3375; baseline -0.001 -17"><span class='ocrx_word' id='word_1_206' title='bbox 258 3305 327 3375; x_wconf 78' lang='lat' dir='ltr'><strong>lnng</strong></span> <span class='ocrx_word' id='word_1_207' title='bbox 351 3305 403 3358; x_wconf 90' lang='lat' dir='ltr'><strong>der</strong></span> <span class='ocrx_word' id='word_1_208' title='bbox 425 3305 561 3359; x_wconf 83' lang='lat' dir='ltr'><strong>Rhetoril·</strong></span> <span class='ocrx_word' id='word_1_209' title='bbox 585 3305 629 3358; x_wconf 80' lang='lat' dir='ltr'><strong>tei</strong></span> <span class='ocrx_word' id='word_1_210' title='bbox 650 3305 706 3358; x_wconf 87' lang='lat' dir='ltr'><strong>den</strong></span> <span class='ocrx_word' id='word_1_211' title='bbox 726 3306 820 3364; x_wconf 81' lang='lat' dir='ltr'><strong>Alten,</strong></span> <span class='ocrx_word' id='word_1_212' title='bbox 844 3303 1030 3358; x_wconf 82' lang='lat' dir='ltr'><strong>Rhcinischcs</strong></span> <span class='ocrx_word' id='word_1_213' title='bbox 1053 3309 1192 3364; x_wconf 84' lang='lat' dir='ltr'><strong>Muscam,</strong></span> <span class='ocrx_word' id='word_1_214' title='bbox 1219 3308 1253 3357; x_wconf 89' lang='grc' dir='ltr'><strong>Ν.</strong></span> <span class='ocrx_word' id='word_1_215' title='bbox 1279 3307 1320 3364; x_wconf 69' lang='grc' dir='ltr'><strong>Ε,</strong></span> 
     </span>
     <span class='ocr_line' id='line_1_27' title="bbox 257 3384 1324 3455; baseline 0 -18"><span class='ocrx_word' id='word_1_216' title='bbox 257 3387 360 3447; x_wconf 84' lang='lat' dir='ltr'><strong>XVIII,</strong></span> <span class='ocrx_word' id='word_1_217' title='bbox 378 3387 456 3447; x_wconf 87' lang='grc'><strong>1863,</strong></span> <span class='ocrx_word' id='word_1_218' title='bbox 474 3405 502 3455; x_wconf 91' lang='lat' dir='ltr'><strong>p.</strong></span> <span class='ocrx_word' id='word_1_219' title='bbox 518 3386 569 3438; x_wconf 77' lang='lat'><strong>495</strong></span> <span class='ocrx_word' id='word_1_220' title='bbox 583 3404 588 3444; x_wconf 87' lang='lat'>;</span> <span class='ocrx_word' id='word_1_221' title='bbox 604 3385 758 3446; x_wconf 82' lang='lat' dir='ltr'><strong>Krohnert,</strong></span> <span class='ocrx_word' id='word_1_222' title='bbox 775 3385 828 3438; x_wconf 87' lang='lat' dir='ltr'><strong>Dic</strong></span> <span class='ocrx_word' id='word_1_223' title='bbox 842 3385 973 3454; x_wconf 79' lang='lat' dir='ltr'><strong>Ansctnge</strong></span> <span class='ocrx_word' id='word_1_224' title='bbox 989 3384 1041 3440; x_wconf 86' lang='lat' dir='ltr'><strong>der</strong></span> <span class='ocrx_word' id='word_1_225' title='bbox 1054 3385 1190 3439; x_wconf 83' lang='lat' dir='ltr'><strong>Rhetorik</strong></span> <span class='ocrx_word' id='word_1_226' title='bbox 1208 3385 1252 3438; x_wconf 84' lang='lat' dir='ltr'><strong>bei</strong></span> <span class='ocrx_word' id='word_1_227' title='bbox 1270 3384 1324 3438; x_wconf 87' lang='lat' dir='ltr'><strong>den</strong></span> 
     </span>
     <span class='ocr_line' id='line_1_28' title="bbox 256 3465 1320 3536; baseline -0.003 -18"><span class='ocrx_word' id='word_1_228' title='bbox 256 3468 386 3524; x_wconf 77' lang='lat' dir='ltr'><strong>Romern,</strong></span> <span class='ocrx_word' id='word_1_229' title='bbox 404 3466 553 3536; x_wconf 86' lang='lat' dir='ltr'><strong>p.30-31;</strong></span> <span class='ocrx_word' id='word_1_230' title='bbox 571 3469 611 3517; x_wconf 88' lang='lat' dir='ltr'><strong>Dc</strong></span> <span class='ocrx_word' id='word_1_231' title='bbox 628 3465 792 3524; x_wconf 83' lang='lat' dir='ltr'><strong>inventione,</strong></span> <span class='ocrx_word' id='word_1_232' title='bbox 816 3465 861 3517; x_wconf 86' lang='lat' dir='ltr'><strong>ed.</strong></span> <span class='ocrx_word' id='word_1_233' title='bbox 883 3465 1032 3527; x_wconf 87' lang='lat' dir='ltr'><strong>Weidner,</strong></span> <span class='ocrx_word' id='word_1_234' title='bbox 1049 3485 1077 3535; x_wconf 89' lang='lat' dir='ltr'><strong>p.</strong></span> <span class='ocrx_word' id='word_1_235' title='bbox 1095 3484 1224 3524; x_wconf 66' lang='lat' dir='ltr'><strong>vin-nvn</strong></span> <span class='ocrx_word' id='word_1_236' title='bbox 1241 3465 1320 3518; x_wconf 83' lang='lat' dir='ltr'><strong>Rhet.</strong></span> 
     </span>
     <span class='ocr_line' id='line_1_29' title="bbox 257 3541 1322 3616; baseline -0.002 -18"><span class='ocrx_word' id='word_1_237' title='bbox 257 3544 297 3598; x_wconf 84' lang='lat' dir='ltr'><strong>ad</strong></span> <span class='ocrx_word' id='word_1_238' title='bbox 317 3544 498 3603; x_wconf 83' lang='lat' dir='ltr'><strong>Herennium,</strong></span> <span class='ocrx_word' id='word_1_239' title='bbox 521 3546 565 3597; x_wconf 91' lang='lat' dir='ltr'><strong>ed.</strong></span> <span class='ocrx_word' id='word_1_240' title='bbox 586 3545 699 3605; x_wconf 82' lang='lat' dir='ltr'><strong>Schfitz,</strong></span> <span class='ocrx_word' id='word_1_241' title='bbox 716 3565 743 3615; x_wconf 93' lang='lat' dir='ltr'><strong>p.</strong></span> <span class='ocrx_word' id='word_1_242' title='bbox 763 3563 888 3602; x_wconf 84' lang='lat' dir='ltr'><strong>vrr-xx11;</strong></span> <span class='ocrx_word' id='word_1_243' title='bbox 911 3545 955 3595; x_wconf 92' lang='lat' dir='ltr'><strong>ed.</strong></span> <span class='ocrx_word' id='word_1_244' title='bbox 977 3547 1098 3616; x_wconf 82' lang='lat' dir='ltr'><strong>Kayser,</strong></span> <span class='ocrx_word' id='word_1_245' title='bbox 1122 3565 1150 3616; x_wconf 92' lang='lat' dir='ltr'><strong>p.</strong></span> <span class='ocrx_word' id='word_1_246' title='bbox 1172 3541 1322 3604; x_wconf 84' lang='lat' dir='ltr'><strong>x-x11;ed.</strong></span> 
     </span>
     <span class='ocr_line' id='line_1_30' title="bbox 259 3623 1322 3695; baseline -0.001 -18"><span class='ocrx_word' id='word_1_247' title='bbox 259 3626 348 3686; x_wconf 85' lang='lat' dir='ltr'><strong>Marx,</strong></span> <span class='ocrx_word' id='word_1_248' title='bbox 360 3644 389 3695; x_wconf 91' lang='lat' dir='ltr'><strong>p.</strong></span> <span class='ocrx_word' id='word_1_249' title='bbox 402 3624 527 3676; x_wconf 84' lang='grc'><strong>119-133.</strong></span> <span class='ocrx_word' id='word_1_250' title='bbox 541 3623 696 3676; x_wconf 89' lang='lat' dir='ltr'><strong>Commode</strong></span> <span class='ocrx_word' id='word_1_251' title='bbox 713 3633 800 3677; x_wconf 81' lang='lat' dir='ltr'><strong>totam</strong></span> <span class='ocrx_word' id='word_1_252' title='bbox 815 3624 1036 3694; x_wconf 88' lang='lat' dir='ltr'><strong>disputationem</strong></span> <span class='ocrx_word' id='word_1_253' title='bbox 1051 3626 1190 3678; x_wconf 84' lang='lat' dir='ltr'><strong>contraxit</strong></span> <span class='ocrx_word' id='word_1_254' title='bbox 1207 3624 1322 3684; x_wconf 86' lang='lat' dir='ltr'><strong>Schanz,</strong></span> 
     </span>
     <span class='ocr_line' id='line_1_31' title="bbox 260 3702 841 3776; baseline 0.002 -21"><span class='ocrx_word' id='word_1_255' title='bbox 260 3702 294 3766; x_wconf 81' lang='lat'><strong>1²,</strong></span> <span class='ocrx_word' id='word_1_256' title='bbox 311 3704 324 3776; x_wconf 63' lang='grc' dir='ltr'>ξ</span> <span class='ocrx_word' id='word_1_257' title='bbox 339 3705 400 3765; x_wconf 84' lang='grc'><strong>148,</strong></span> <span class='ocrx_word' id='word_1_258' title='bbox 417 3723 445 3774; x_wconf 90' lang='lat' dir='ltr'><strong>p.</strong></span> <span class='ocrx_word' id='word_1_259' title='bbox 463 3706 532 3762; x_wconf 81' lang='lat'><strong>287;</strong></span> <span class='ocrx_word' id='word_1_260' title='bbox 555 3703 568 3775; x_wconf 64' lang='grc' dir='ltr'>ξ</span> <span class='ocrx_word' id='word_1_261' title='bbox 587 3705 648 3765; x_wconf 85' lang='grc'><strong>197,</strong></span> <span class='ocrx_word' id='word_1_262' title='bbox 666 3723 694 3774; x_wconf 96' lang='lat' dir='ltr'><strong>p.</strong></span> <span class='ocrx_word' id='word_1_263' title='bbox 711 3705 841 3757; x_wconf 79' lang='lat'><strong>389-390.</strong></span> 
     </span>
    </p>

    <p class='ocr_par' dir='ltr' id='par_1_6' title="bbox 257 3784 1325 4414">
     <span class='ocr_line' id='line_1_32' title="bbox 293 3784 1325 3855; baseline 0 -19"><span class='ocrx_word' id='word_1_264' title='bbox 293 3786 318 3836; x_wconf 79' lang='lat'><strong>2.</strong></span> <span class='ocrx_word' id='word_1_265' title='bbox 341 3784 401 3837; x_wconf 92' lang='lat' dir='ltr'><strong>Hoc</strong></span> <span class='ocrx_word' id='word_1_266' title='bbox 422 3792 598 3854; x_wconf 81' lang='lat' dir='ltr'><strong>argumento,</strong></span> <span class='ocrx_word' id='word_1_267' title='bbox 621 3785 697 3854; x_wconf 92' lang='lat' dir='ltr'><strong>quod</strong></span> <span class='ocrx_word' id='word_1_268' title='bbox 718 3802 789 3836; x_wconf 92' lang='lat' dir='ltr'><strong>nunc</strong></span> <span class='ocrx_word' id='word_1_269' title='bbox 809 3785 990 3838; x_wconf 87' lang='lat' dir='ltr'><strong>notissimum</strong></span> <span class='ocrx_word' id='word_1_270' title='bbox 1010 3794 1063 3845; x_wconf 90' lang='lat' dir='ltr'><strong>est,</strong></span> <span class='ocrx_word' id='word_1_271' title='bbox 1085 3786 1195 3855; x_wconf 90' lang='lat' dir='ltr'><strong>primus</strong></span> <span class='ocrx_word' id='word_1_272' title='bbox 1214 3784 1325 3837; x_wconf 85' lang='lat' dir='ltr'><strong>videtur</strong></span> 
     </span>
     <span class='ocr_line' id='line_1_33' title="bbox 257 3863 1325 3935; baseline -0.002 -19"><span class='ocrx_word' id='word_1_273' title='bbox 257 3883 327 3916; x_wconf 90' lang='lat' dir='ltr'><strong>usus</strong></span> <span class='ocrx_word' id='word_1_274' title='bbox 350 3864 383 3915; x_wconf 90' lang='lat' dir='ltr'><strong>L.</strong></span> <span class='ocrx_word' id='word_1_275' title='bbox 403 3863 529 3933; x_wconf 82' lang='lat' dir='ltr'><strong>Purgold</strong></span> <span class='ocrx_word' id='word_1_276' title='bbox 545 3867 585 3934; x_wconf 90' lang='lat' dir='ltr'><strong>(p.</strong></span> <span class='ocrx_word' id='word_1_277' title='bbox 603 3864 746 3931; x_wconf 77' lang='lat'><strong>303-304),</strong></span> <span class='ocrx_word' id='word_1_278' title='bbox 763 3864 811 3935; x_wconf 93' lang='lat' dir='ltr'><strong>qui</strong></span> <span class='ocrx_word' id='word_1_279' title='bbox 828 3866 869 3917; x_wconf 92' lang='lat' dir='ltr'><strong>sic</strong></span> <span class='ocrx_word' id='word_1_280' title='bbox 884 3874 995 3917; x_wconf 87' lang='lat' dir='ltr'><strong>narrat:</strong></span> <span class='ocrx_word' id='word_1_281' title='bbox 1015 3885 1027 3914; x_wconf 78' lang='lat' dir='ltr'><strong>a</strong></span> <span class='ocrx_word' id='word_1_282' title='bbox 1044 3865 1101 3917; x_wconf 87' lang='lat' dir='ltr'><strong>Nec</strong></span> <span class='ocrx_word' id='word_1_283' title='bbox 1116 3883 1183 3918; x_wconf 89' lang='lat' dir='ltr'><strong>vero</strong></span> <span class='ocrx_word' id='word_1_284' title='bbox 1199 3864 1282 3935; x_wconf 86' lang='lat' dir='ltr'><strong>longe</strong></span> <span class='ocrx_word' id='word_1_285' title='bbox 1297 3865 1325 3915; x_wconf 90' lang='lat' dir='ltr'><strong>in</strong></span> 
     </span>
     <span class='ocr_line' id='line_1_34' title="bbox 259 3943 1322 4015; baseline 0.002 -22"><span class='ocrx_word' id='word_1_286' title='bbox 259 3965 271 3993; x_wconf 78' lang='lat' dir='ltr'><strong>a</strong></span> <span class='ocrx_word' id='word_1_287' title='bbox 293 3944 343 3996; x_wconf 86' lang='lat' dir='ltr'><strong>illa</strong></span> <span class='ocrx_word' id='word_1_288' title='bbox 357 3944 506 3997; x_wconf 89' lang='lat' dir='ltr'><strong>Ciceronis</strong></span> <span class='ocrx_word' id='word_1_289' title='bbox 520 3961 583 3996; x_wconf 91' lang='lat' dir='ltr'><strong>cum</strong></span> <span class='ocrx_word' id='word_1_290' title='bbox 599 3943 763 3996; x_wconf 86' lang='lat' dir='ltr'><strong>Rhetoricis</strong></span> <span class='ocrx_word' id='word_1_291' title='bbox 776 3945 884 3996; x_wconf 86' lang='lat' dir='ltr'><strong>nostris</strong></span> <span class='ocrx_word' id='word_1_292' title='bbox 895 3945 1105 4014; x_wconf 88' lang='lat' dir='ltr'><strong>comparatione</strong></span> <span class='ocrx_word' id='word_1_293' title='bbox 1116 3962 1322 4015; x_wconf 85' lang='lat' dir='ltr'><strong>processeram,</strong></span> 
     </span>
     <span class='ocr_line' id='line_1_35' title="bbox 259 4023 1324 4095; baseline -0.001 -20"><span class='ocrx_word' id='word_1_294' title='bbox 259 4045 271 4074; x_wconf 78' lang='lat' dir='ltr'><strong>a</strong></span> <span class='ocrx_word' id='word_1_295' title='bbox 292 4043 355 4076; x_wconf 92' lang='lat' dir='ltr'><strong>cum</strong></span> <span class='ocrx_word' id='word_1_296' title='bbox 372 4024 565 4094; x_wconf 86' lang='lat' dir='ltr'><strong>inexspectato</strong></span> <span class='ocrx_word' id='word_1_297' title='bbox 581 4024 667 4076; x_wconf 90' lang='lat' dir='ltr'><strong>incidi</strong></span> <span class='ocrx_word' id='word_1_298' title='bbox 684 4025 712 4075; x_wconf 90' lang='lat' dir='ltr'><strong>in</strong></span> <span class='ocrx_word' id='word_1_299' title='bbox 727 4025 821 4088; x_wconf 65' lang='lat' dir='ltr'><strong>locum</strong></span> <span class='ocrx_word' id='word_1_300' title='bbox 837 4025 885 4095; x_wconf 94' lang='lat' dir='ltr'><strong>qui</strong></span> <span class='ocrx_word' id='word_1_301' title='bbox 902 4033 987 4075; x_wconf 86' lang='lat' dir='ltr'><strong>totam</strong></span> <span class='ocrx_word' id='word_1_302' title='bbox 1003 4023 1070 4092; x_wconf 89' lang='lat' dir='ltr'><strong>(sic)</strong></span> <span class='ocrx_word' id='word_1_303' title='bbox 1086 4024 1165 4077; x_wconf 82' lang='lat' dir='ltr'><strong>illius</strong></span> <span class='ocrx_word' id='word_1_304' title='bbox 1178 4042 1324 4094; x_wconf 89' lang='lat' dir='ltr'><strong>compara-</strong></span> 
     </span>
     <span class='ocr_line' id='line_1_36' title="bbox 259 4104 1325 4174; baseline 0.001 -21"><span class='ocrx_word' id='word_1_305' title='bbox 259 4124 271 4153; x_wconf 86' lang='lat'>«</span> <span class='ocrx_word' id='word_1_306' title='bbox 293 4104 380 4157; x_wconf 91' lang='lat' dir='ltr'><strong>tionis</strong></span> <span class='ocrx_word' id='word_1_307' title='bbox 408 4121 523 4156; x_wconf 90' lang='lat' dir='ltr'><strong>cursum</strong></span> <span class='ocrx_word' id='word_1_308' title='bbox 548 4104 736 4173; x_wconf 83' lang='lat' dir='ltr'><strong>praecideret,</strong></span> <span class='ocrx_word' id='word_1_309' title='bbox 766 4104 1014 4174; x_wconf 87' lang='lat' dir='ltr'><strong>suspicionemque</strong></span> <span class='ocrx_word' id='word_1_310' title='bbox 1045 4104 1250 4173; x_wconf 87' lang='lat' dir='ltr'><strong>gravissimam,</strong></span> <span class='ocrx_word' id='word_1_311' title='bbox 1279 4112 1325 4154; x_wconf 85' lang='lat' dir='ltr'><strong>aut</strong></span> 
     </span>
     <span class='ocr_line' id='line_1_37' title="bbox 259 4182 1324 4254; baseline -0.001 -19"><span class='ocrx_word' id='word_1_312' title='bbox 259 4204 271 4235; x_wconf 81' lang='lat' dir='ltr'><strong>a</strong></span> <span class='ocrx_word' id='word_1_313' title='bbox 292 4201 381 4254; x_wconf 84' lang='lat' dir='ltr'><strong>paene</strong></span> <span class='ocrx_word' id='word_1_314' title='bbox 401 4183 569 4237; x_wconf 81' lang='lat' dir='ltr'><strong>evidentiam</strong></span> <span class='ocrx_word' id='word_1_315' title='bbox 589 4183 658 4235; x_wconf 90' lang='lat' dir='ltr'><strong>mihi</strong></span> <span class='ocrx_word' id='word_1_316' title='bbox 677 4183 817 4253; x_wconf 78' lang='lat' dir='ltr'><strong>praebere</strong></span> <span class='ocrx_word' id='word_1_317' title='bbox 836 4183 989 4244; x_wconf 87' lang='lat' dir='ltr'><strong>videretur,</strong></span> <span class='ocrx_word' id='word_1_318' title='bbox 1010 4182 1164 4236; x_wconf 83' lang='lat' dir='ltr'><strong>Auctorem</strong></span> <span class='ocrx_word' id='word_1_319' title='bbox 1185 4183 1324 4235; x_wconf 87' lang='lat' dir='ltr'><strong>librorum</strong></span> 
     </span>
     <span class='ocr_line' id='line_1_38' title="bbox 259 4260 1324 4334; baseline 0 -20"><span class='ocrx_word' id='word_1_320' title='bbox 259 4284 271 4314; x_wconf 81' lang='lat' dir='ltr'><strong>a</strong></span> <span class='ocrx_word' id='word_1_321' title='bbox 292 4262 326 4315; x_wconf 86' lang='lat' dir='ltr'><strong>ad</strong></span> <span class='ocrx_word' id='word_1_322' title='bbox 353 4263 526 4316; x_wconf 84' lang='lat' dir='ltr'><strong>Herennium</strong></span> <span class='ocrx_word' id='word_1_323' title='bbox 546 4260 700 4316; x_wconf 82' lang='lat' dir='ltr'><strong>&#39;Ciceronis</strong></span> <span class='ocrx_word' id='word_1_324' title='bbox 723 4263 758 4315; x_wconf 91' lang='lat' dir='ltr'><strong>de</strong></span> <span class='ocrx_word' id='word_1_325' title='bbox 779 4261 940 4314; x_wconf 87' lang='lat' dir='ltr'><strong>Inventione</strong></span> <span class='ocrx_word' id='word_1_326' title='bbox 959 4261 1045 4314; x_wconf 86' lang='lat' dir='ltr'><strong>libris</strong></span> <span class='ocrx_word' id='word_1_327' title='bbox 1063 4263 1226 4334; x_wconf 84' lang='lat' dir='ltr'><strong>neutiquam</strong></span> <span class='ocrx_word' id='word_1_328' title='bbox 1243 4280 1324 4314; x_wconf 88' lang='lat' dir='ltr'><strong>usum</strong></span> 
     </span>
     <span class='ocr_line' id='line_1_39' title="bbox 259 4342 573 4414; baseline 0 -21"><span class='ocrx_word' id='word_1_329' title='bbox 259 4363 271 4392; x_wconf 79' lang='lat' dir='ltr'><strong>a</strong></span> <span class='ocrx_word' id='word_1_330' title='bbox 295 4360 394 4395; x_wconf 87' lang='lat' dir='ltr'><strong>esse...</strong></span> <span class='ocrx_word' id='word_1_331' title='bbox 413 4363 425 4394; x_wconf 85' lang='lat' dir='ltr'><strong>n</strong></span> <span class='ocrx_word' id='word_1_332' title='bbox 442 4344 482 4414; x_wconf 92' lang='lat' dir='ltr'><strong>(p.</strong></span> <span class='ocrx_word' id='word_1_333' title='bbox 500 4342 573 4411; x_wconf 84' lang='lat'><strong>303).</strong></span> 
     </span>
    </p>
   </div>
   <div class='ocr_carea' id='block_1_5' title="bbox 0 0 1536 5050">
    <p class='ocr_par' dir='ltr' id='par_1_7' title="bbox 0 0 1536 5050">
     <span class='ocr_line' id='line_1_40' title="bbox 0 0 1536 5050; baseline 0 0"><span class='ocrx_word' id='word_1_334' title='bbox 0 0 1536 5050; x_wconf 95' lang='lat' dir='ltr'><strong> </strong></span> 
     </span>
    </p>
   </div>
  </div>
 </body>
</html>
