3062 5050
288 440 328 498 96
393 455 487 496 CAPUT
502 456 529 496 V.
547 467 580 478 ·
596 451 1068 504 1111111111111111111111111111
1085 451 1257 492 MUTAVERl'l'

391 587 536 651 Existere
559 596 665 649 autem
688 585 922 650 controversias
946 585 1042 647 etiam
1065 605 1103 646 ex
1125 583 1236 668 scripti
1258 584 1360 646 111111-

293 678 483 762 pretatione,
514 677 548 738 in
580 697 643 760 quo
676 685 731 738 aut
765 676 916 758 ambigue
949 673 1025 757 quid
1053 674 1096 736 sit
1123 673 1278 756 scriptum
1307 683 1363 736 aut

293 768 470 845 contrarie,
493 775 547 828 aut
567 768 624 844 ito,
647 777 682 827 nt
701 788 722 826 a
741 765 903 826 sententio
921 766 1089 846 scripturn
1109 764 1290 825 dissentiat.
1312 762 1361 824 De

294 855 362 930 Ο1.,
383 862 409 930 1,
427 860 476 929 31,
495 859 563 917 110.

334 943 452 1006 Existit
471 943 567 1006 etiam
590 963 629 1005 ex
649 943 761 1026 scripti
782 940 1047 1026 interpretatione
1068 961 1165 1024 saepe
1186 941 1358 1016 contentio,

293 1034 325 1094 in
341 1054 403 1116 quo
419 1034 514 1094 nulle
528 1042 636 1116 potest
650 1052 721 1094 esse
736 1034 804 1093 nisi
815 1053 857 1094 ea
870 1031 1024 1112 ambiguo
1040 1029 1266 1092 controversia.
1278 1029 1360 1092 Nam

293 1121 372 1184 illud
396 1121 514 1204 ipsum,
541 1121 626 1205 quod
650 1120 805 1203 scriptum
834 1141 853 1181 a
877 1120 1035 1181 sententia
1059 1115 1230 1202 discrepat,
1256 1139 1361 1203 genus

293 1211 454 1295 quoddam
469 1209 567 1272 habet
580 1209 762 1294 ambigui...
781 1230 821 1271 ex
840 1207 1071 1292 contrariisque
1091 1208 1219 1290 scriptis
1239 1209 1265 1270 si
1283 1209 1360 1292 quid

292 1299 478 1384 ambigitur,
505 1319 569 1360 non
590 1318 706 1361 novom
728 1318 832 1382 genus
854 1297 1006 1372 nascitur,
1031 1297 1087 1360 sed
1109 1297 1283 1380 superioris
1306 1317 1360 1381 ge-

292 1390 379 1451 neris
394 1408 491 1450 11111
505 1387 696 1472 duplicatur.
714 1387 762 1448 De
778 1386 847 1461 Or,
865 1392 893 1461 2,
909 1391 958 1461 26,
978 1391 1044 1448 110.

386 1476 587 1560 Disceptatio
602 1496 641 1538 ex
662 1476 774 1558 scripti
794 1475 996 1538 contentione
1013 1476 1132 1550 existit,
1150 1484 1185 1537 ut
1203 1476 1236 1537 in
1254 1477 1360 1537 ombi-

290 1569 366 1651 guis
381 1566 579 1650 disceptetur
593 1565 669 1649 quid
684 1565 821 1627 maxime
838 1563 1047 1648 significetur,
1061 1565 1093 1626 in
1103 1567 1220 1647 scripti
1230 1577 1360 1627 senten-

292 1659 421 1738 tiaeque
445 1655 647 1717 contentione
669 1664 776 1716 utrum
799 1654 906 1737 potius
925 1653 1020 1715 iudex
1043 1663 1204 1736 sequatur,
1227 1655 1260 1716 in
1282 1676 1360 1716 eon-

292 1747 406 1806 trariis
423 1746 554 1829 seriptis
573 1753 679 1806 utrum
699 1743 804 1826 magis
824 1742 1097 1826 comprobandum
1118 1743 1169 1804 sit.
1192 1743 1277 1806 Part.
1298 1765 1357 1819 11,,

293 1839 428 1908 31,108.

333 1922 399 1984 1111
414 1931 488 1985 sunt
502 1924 568 1984 tria
583 1942 703 2006 genera
718 1943 800 2006 quae
815 1922 1065 1985 controversiam
1081 1923 1113 1983 in
1134 1923 1220 1984 omni
1239 1923 1359 2004 scripto

293 2013 397 2074 lacere
421 2013 571 2094 possint:
598 2012 797 2096 ambiguum,
824 2011 1040 2094 discrepantia
1062 2012 1172 2094 scripti
1194 2021 1226 2073 11
1246 2012 1359 2073 volun-

292 2102 379 2176 tatis,
397 2101 517 2184 scripta
532 2101 700 2162 contraria.
718 2099 812 2184 Top.,
830 2106 878 2175 25,
896 2105 944 2162 96.

333 2189 402 2252 Erit
422 2191 507 2252 enim
527 2189 556 2252 ei
575 2200 781 2273 perspectum
801 2189 880 2251 nihil
900 2189 1021 2274 ambigi
1041 2210 1147 2271 posse,
1170 2191 1202 2252 in
1217 2211 1280 2274 quo
1296 2211 1359 2254 uon

293 2288 422 2342 autres
446 2278 697 2341 controversiam
721 2279 816 2340 faciat
840 2288 896 2340 aut
916 2279 1014 2341 verba
1038 2301 1044 2341 :
1069 2299 1120 2341 111
1144 2290 1199 2342 aut
1221 2280 1262 2342 de
1284 2300 1359 2342 vero

292 2377 347 2430 aut
365 2368 404 2430 de
426 2377 511 2430 recto
531 2377 587 2430 aut
604 2367 644 2430 de
664 2369 803 2442 nomine,
824 2369 922 2430 verba
942 2376 996 2429 aut
1016 2369 1054 2430 de
1073 2369 1226 2452 ambiguo
1246 2379 1302 2432 aut
1320 2369 1358 2431 de

292 2459 470 2518 contrario.
492 2456 573 2519 Nam
593 2457 620 2518 si
640 2456 767 2540 quando
789 2456 874 2519 aliud
895 2457 926 2518 in
947 2458 1105 2519 sententia
1126 2458 1252 2520 videtur
1273 2478 1357 2534 1111,

292 2546 378 2608 aliud
397 2547 430 2608 in
448 2546 566 2621 verbis,
589 2565 692 2629 genus
712 2555 762 2608 est
781 2546 941 2628 quoddam
962 2547 1116 2632 ambigui.
1135 2546 1271 2623 Ο1.,31,
1291 2553 1357 2609 121.

336 2701 412 2766 Non
429 2698 540 2765 nullas
557 2698 642 2766 alias
661 2721 702 2766 ex
723 2697 958 2765 subtilissimis
978 2698 1219 2789 partitionibus
1240 2699 1358 2766 delini-

292 2813 510 2905 tionibusque
535 2838 621 2905 quas
646 2813 772 2882 Graeci
796 2813 1088 2904 excogitaverant,
1115 2815 1235 2884 Cicero
1261 2815 1360 2883 aliter

293 2929 359 2996 alio
380 2939 532 3020 tempore
552 2928 705 3011 tradidit,
731 2930 804 2997 sive
825 2929 900 3019 ipse
922 2929 1084 2997 discendo
1105 2930 1260 3021 proiecit,
1286 2931 1358 2997 sive

292 3044 372 3126 i'sta,
396 3068 483 3135 quae
506 3044 636 3111 minora
658 3045 843 3126 iudicabat,
870 3068 937 3111 non
962 3068 1190 3136 magnacum
1213 3070 1230 3112 1
1252 3045 1358 3114 variis

292 3159 482 3228 rationibus
505 3160 655 3251 arripere
678 3161 812 3229 solebat
834 3161 856 3227 ¹.
884 3163 1158 3230 Commemorare
1184 3161 1270 3228 satis
1295 3161 1359 3229 erit

292 3298 332 3342 ea
361 3300 448 3366 quae
477 3275 709 3363 Quintilianus
736 3276 777 3343 de
803 3289 903 3343 statu
928 3277 1102 3366 negotiali
1123 3287 1157 3343 et
1182 3275 1222 3343 de
1247 3279 1359 3344 conti-

292 3393 459 3460 nentibus
472 3395 771 3481 firmamentoque
786 3391 1038 3458 animadvertit.

331 3541 397 3604 Nec
421 3563 472 3604 me
496 3542 586 3617 fallit,
613 3543 645 3604 in
669 3542 773 3625 primo
798 3541 963 3604 Ciceronis
987 3543 1146 3605 1111111111
1171 3543 1267 3605 aliam
1289 3561 1358 3605 esse

291 3629 353 3691 loci
381 3631 553 3713 negotialis
581 3631 889 3714 interpretationem,
920 3651 992 3692 cum
1021 3631 1066 3693 ita
1094 3631 1249 3715 scripturn
1283 3631 1325 3694 sit
1350 3653 1356 3692 :

294 3745 307 3775 «
331 3717 510 3802 Negotialis
525 3728 575 3782 est
590 3720 622 3780 in
638 3741 701 3803 qua
715 3719 791 3802 quid
806 3720 884 3781 iuris
899 3740 938 3780 ex
953 3719 1037 3781 civili
1053 3739 1141 3781 more
1157 3728 1188 3781 et
1199 3720 1358 3803 aequitate

294 3834 307 3864 «
332 3807 383 3882 sit,
401 3808 638 3884 consideratum
656 3807 706 3870 cui
722 3807 908 3890 diligentiae
923 3828 1074 3892 pracesse
1090 3808 1174 3890 apud
1189 3828 1248 3870 nos
1264 3807 1359 3870 iuris-

294 3922 307 3952 «
332 3896 468 3957 consulti
490 3896 712 3958 existimantur
730 3904 751 3957 ¹.
778 3922 791 3952 »
818 3895 881 3958 Sed
903 3896 988 3980 quod
1010 3896 1112 3979 ipsius
1134 3896 1173 3958 de
1195 3896 1246 3957 his
1268 3895 1359 3958 libris

327 4139 352 4187 1.
375 4136 418 4187 Cf.
438 4155 551 4208 quoque
568 4156 663 4208 supra,
685 4158 713 4209 p.
733 4139 828 4191 46-47.
848 4139 911 4190 Non
925 4137 1003 4188 nulla
1017 4137 1072 4189 alia
1086 4138 1194 4190 notavit
1209 4139 1356 4200 Heinicle,

291 4216 471 4287 praesertim,
488 4235 517 4287 p.
532 4217 575 4278 23,
592 4218 635 4279 52,
654 4218 784 4270 tot-103.

326 4296 352 4346 2.
375 4296 545 4358 1111.,1,11,
564 4296 608 4348 14.
