3086 5040
242 481 260 540 6
302 499 395 540 CAPUT
410 499 428 538 l.
447 513 478 522 -
495 498 603 549 Qunam
619 498 721 539 ARTEM
735 498 926 539 REETORICAM
941 500 974 539 Μ.
990 499 1112 539 TULLIUS
1128 498 1250 540 FECERIT

243 632 417 706 discere,...
436 653 474 694 ex
489 632 612 715 ingenti
627 632 765 715 quodam
781 640 940 694 oratorem
956 632 1177 715 immensoque
1197 653 1310 716 campo

243 722 275 782 in
291 721 442 805 exiguum
459 740 534 783 sane
550 742 666 805 gyrum
682 721 885 804 compellitis.
902 721 950 782 De
966 721 1035 795 Or.,
1052 727 1081 795 3,
1101 728 1147 796 19,
1167 727 1214 784 70.

284 809 351 872 Hos
366 830 478 872 omnes
493 810 547 893 qui
564 810 641 873 artis
655 810 831 872 rhetorices
842 819 1005 892 exponunt
1013 811 1249 892 perridiculm.
1262 809 1311 872 Dc

244 899 312 971 Or.,
330 905 359 973 3,
377 905 425 972 20,
445 904 492 961 75.
827 965 830 970 ,

285 987 365 1049 lllud
390 1009 501 1050 rursus
524 989 629 1071 ipsum
652 989 736 1071 quod
757 988 887 1050 tradunt
908 991 971 1067 isti,
986 989 1048 1070 ·qui
1068 989 1258 1071 profitentur
1276 1009 1311 1051 se

160 1071 162 1076 ’
244 1076 369 1138 dicendi
385 1077 569 1160 magistros
583 1098 646 1138 non
658 1077 792 1138 multum
804 1086 853 1139 est
863 1079 967 1139 maius
978 1098 1074 1160 quam
1088 1077 1165 1138 illud
1178 1077 1311 1161 vulgare

244 1185 281 1226 ac
296 1165 433 1228 forense.
451 1166 499 1227 Dc
515 1166 583 1238 Or.,
601 1171 630 1240 3,
649 1171 697 1238 24,
714 1171 764 1227 92.

284 1253 354 1315 Non
370 1264 419 1316 est
433 1274 608 1336 paucorum
623 1254 804 1317 libellorum
821 1255 881 1316 hoc
896 1275 1011 1316 munus
1028 1267 1063 1316 ιιι
1075 1257 1311 1336 ir'qru'screpse·

243 1355 321 1404 runt
336 1344 375 1404 de
390 1343 522 1404 dicendi
534 1346 662 1405 ratione
682 1344 888 1405 arbitrantur.
906 1343 954 1405 De
971 1344 1039 1415 Or.,
1057 1349 1086 1418 3,
1104 1349 1153 1418 30,
1174 1349 1240 1404 121.

284 1431 340 1493 llle
355 1431 440 1493 haud
455 1452 531 1493 sane
547 1453 642 1515 quem
658 1432 697 1493 ad
714 1432 843 1494 modum
859 1432 956 1494 verba
971 1441 1074 1494 struat
1092 1441 1123 1494 et
1144 1432 1313 1494 inluminet

244 1542 262 1582 e
277 1523 444 1603 magistris
458 1521 529 1582 istis
544 1521 694 1616 requiret.
712 1520 760 1583 Dc
777 1521 846 1595 Or.,
864 1527 893 1596 3,
911 1527 959 1596 31,
980 1527 1047 1583 125.

290 1667 342 1731 Ex
361 1665 484 1755 quihus
506 1665 664 1733 omnibus
685 1664 806 1734 Cicero
823 1663 933 1732 videri
948 1674 1073 1756 potest,
1091 1675 1172 1732 tunc
1191 1665 1312 1734 saltem

246 1805 321 1848 cum
340 1780 446 1848 libros
466 1780 508 1848 de
529 1781 675 1849 Oratore
696 1780 847 1871 scripsit,
871 1791 979 1847 artem
997 1780 1200 1848 rhetoricam
1216 1805 1314 1872 spre-

244 1895 351 1963 visse.
388 1897 469 1963 Sed.
487 1905 728 1987 praeterquam
761 1896 851 1986 quod
888 1895 1094 1964 Partitiones
1132 1891 1313 1965 Oratoriae

246 2013 364 2079 eodem
388 2014 458 2079 lere
482 2021 633 2103 tempore
656 2012 864 2103 compositae
890 2013 1013 2092 sunt1,
1035 2011 1069 2078 in
1093 2011 1179 2103 ipsis
1204 2012 1246 2079 iis
1271 2011 1313 2079 de

247 2128 392 2196 Oratore
421 2128 518 2195 libris
546 2129 653 2195 multa
684 2127 910 2218 reperiuntur,
942 2151 1030 2218 quae
1062 2127 1262 2196 Ciceronem
1294 2152 1315 2194 a

246 2244 418 2311 rhetorum
442 2244 621 2311 sententiis
641 2268 708 2311 non
731 2243 937 2311 discessisse
957 2243 1203 2310 demonstrent.
1226 2247 1314 2311 Nam

246 2359 357 2449 ipsam
377 2359 549 2426 rhetorum
567 2359 608 2425 de
626 2370 698 2426 arte
717 2359 851 2426 dicendi
869 2358 1058 2427 doctrinam
1079 2359 1195 2438 tradit,
1215 2358 1314 2450 quin-

247 2498 311 2564 que
337 2485 454 2565 partes
483 2474 565 2542 artis
593 2475 781 2543 rhetoricae
809 2474 992 2566 distinguit
1019 2485 1052 2542 et
1076 2484 1213 2554 tractat,
1240 2474 1314 2565 agit

247 2589 288 2656 de
308 2590 503 2658 inventione
523 2593 547 2673 2,
569 2591 790 2659 collocatione
810 2593 835 2674 ³,
857 2590 1045 2657 elocutione
1065 2592 1090 2674 ⁴,
1107 2589 1271 2657 memoria
1288 2592 1312 2672 ⁵,

248 2704 379 2772 actione
398 2709 422 2771 ⁶.
441 2705 652 2790 Orationem,
675 2705 848 2773 rhetorum
869 2729 974 2787 more,
997 2706 1143 2796 partitur
1162 2706 1197 2773 in
1217 2730 1314 2774 exor-

248 2820 352 2902 dium,
383 2821 626 2905 narrationem,
657 2821 936 2912 propositionem,
969 2821 1313 2911 argumentationem,

248 2937 531 3027 perorationem7.
549 2940 666 3015 lmmo,
685 2960 760 3004 cum
775 2936 921 3004 virtutes
938 2936 1138 3004 elocutionis
1154 2936 1312 3027 explicat,

248 3075 288 3118 ea
307 3052 490 3142 partitione
509 3052 616 3119 utitur
635 3076 736 3143 quam
756 3063 834 3120 ante
853 3052 1081 3119 arhetorihus
1097 3051 1187 3119 tradi
1204 3053 1313 3120 solere

248 3168 405 3237 dixerat:
853 3183 855 3187 ’

288 3311 460 3373 Audieram
476 3313 572 3373 etiam
588 3332 669 3394 quae
684 3311 723 3373 de
739 3311 893 3372 orationis
913 3311 1014 3394 ipsius
1034 3311 1231 3372 ornamentis
1250 3320 1315 3372 tra-

249 3400 423 3463 derentur:
450 3403 483 3462 in
507 3422 570 3482 quo
586 3403 796 3482 praecipitur
819 3401 958 3482 primum
983 3408 1018 3460 ut
1041 3419 1120 3481 pura
1145 3408 1177 3460 et
1200 3399 1316 3460 Latine

248 3489 427 3572 loquamur,
446 3490 560 3553 deinde
575 3500 610 3551 ut
618 3491 724 3572 plane
739 3499 771 3551 et
785 3489 933 3562 dilucide,
951 3497 1018 3550 tum
1039 3498 1074 3550 ut
1093 3500 1220 3563 ornate,
1242 3498 1317 3570 post

284 3716 309 3765 1.
331 3716 396 3778 Quo
412 3724 539 3784 tempore
555 3715 732 3784 conscriptae
749 3713 804 3764 sint
818 3711 994 3764 Partitiones
1017 3711 1169 3764 Oratoriae
1188 3729 1243 3763 non
1262 3730 1317 3764 una

249 3805 293 3846 est
312 3795 436 3846 omnium
454 3795 602 3846 sententia.
625 3795 710 3846 Certa
729 3803 821 3845 tamen
841 3801 868 3845 et
888 3792 974 3843 firma
985 3801 1054 3861 puto
1072 3809 1136 3842 esse
1152 3801 1317 3860 argumenta

249 3892 320 3945 quae
336 3873 430 3926 attulit
446 3875 478 3925 R.
497 3874 603 3934 Hirzel‚
618 3876 676 3926 Der
690 3873 803 3942 Dialog‚
822 3873 843 3933 l,
860 3891 888 3942 p.
907 3872 967 3931 493,
984 3890 1011 3921 n.
1029 3873 1054 3922 4.

258 3975 259 3980 ¹
285 3955 310 4005 2.
332 3954 373 4006 De
389 3953 452 4014 Or.,
470 3955 494 4015 2,
513 3955 556 4014 24,
574 3955 664 4013 99-75,
683 3954 744 4004 306.

284 4036 310 4086 3.
332 4034 373 4086 De
390 4033 451 4094 Or.,
466 4035 491 4094 2,
510 4035 552 4094 76,
570 4035 677 4092 307-81,
695 4033 756 4084 332.

286 4115 310 4164 4.
333 4115 374 4165 De
390 4114 452 4174 Or.,
470 4115 495 4174 3,
513 4114 556 4174 10,
571 4114 661 4173 37-55,
677 4113 738 4163 212.

285 4196 310 4246 5.
333 4194 375 4246 De
392 4194 454 4255 Or„
472 4195 496 4254 2,
514 4195 557 4253 85,
575 4193 687 4253 350-88,
703 4193 764 4244 360.

286 4275 311 4326 6.
333 4274 374 4325 De
391 4273 452 4333 Or.,
471 4275 495 4334 3,
513 4274 555 4334 56,
573 4274 686 4333 ata-61,
703 4273 764 4323 227.

288 4355 311 4406 7.
334 4354 376 4407 De
392 4354 454 4414 Or.,
472 4353 556 4415 3,10‚
573 4353 663 4414 37-55,
681 4353 741 4413 212,
760 4351 803 4403 Cf.
819 4354 843 4414 1,
859 4352 979 4413 31,113.
