3062 5050
608 477 623 550 §
642 479 668 534 7.
691 507 723 518 -
744 495 882 535 nnunmro
1227 477 1279 532 105

214 650 364 690 nrrrnnxs
385 629 533 690 Gnancxs
553 627 698 690 Arnnxrs
717 648 781 691 non
801 626 965 709 Lihybaei,
987 626 1127 688 Lxrmxs
1145 625 1277 702 Romae,

212 739 276 780 non
295 719 328 779 in
350 717 459 780 Sicilia
478 717 656 792 didicisses,
673 725 781 779 tamen
799 725 885 779 esset
899 737 1052 799 magnum
1067 724 1188 778 tantam
1204 735 1279 778 cau-

215 828 294 881 sam,
320 816 386 868 tam
411 815 622 890 expectatam,
647 815 680 868 et
700 805 868 890 diligentia
889 805 1041 889 consequi
1065 814 1097 867 et
1120 807 1280 866 memoria

214 895 384 980 complecti
406 905 438 958 et
460 898 608 957 oratione
630 915 818 979 expromere
840 904 872 956 et
892 916 966 958 voce
986 915 1023 956 ac
1041 894 1162 956 viribus
1182 894 1280 956 susti-

213 1005 300 1048 nere.
317 985 389 1048 Div.
407 984 515 1060 Caco..¹
535 992 581 1058 11,
600 991 655 1061 35;
675 991 722 1059 12,
740 990 855 1060 37-39;
871 985 912 1047 cl.
932 989 979 1060 12,
997 988 1102 1058 tro-14,
1120 988 1169 1044 47.

260 1133 298 1196 ln
318 1129 471 1196 oratione
492 1152 553 1218 pro
573 1127 713 1209 Archia,
734 1138 917 1219 postquam
940 1127 1127 1219 ingenium,
1152 1126 1280 1194 exerci-

214 1244 390 1326 tationem,
428 1272 444 1306 «
479 1244 645 1311 rationem
679 1271 695 1308 r>
731 1268 864 1335 quoque
898 1243 1047 1333 aliquam
1079 1243 1113 1310 in
1146 1252 1280 1311 oratore

215 1359 341 1450 requiri
366 1359 643 1427 commemoravit
668 1361 691 1441 ¹,
721 1359 875 1427 doctrina
906 1369 939 1426 et
969 1358 1092 1427 litteris
1120 1359 1280 1449 eloquen-

214 1477 297 1544 tiam
313 1475 358 1543 ali
373 1475 513 1566 puchris
527 1474 644 1543 verbis
660 1475 892 1543 demonstrat:

255 1617 304 1679 An
319 1627 353 1680 tu
373 1618 538 1681 existimas
558 1627 612 1679 aut
631 1630 804 1700 suppetere
823 1619 916 1679 nobis
931 1639 1041 1701 posse,
1059 1619 1148 1700 quod
1166 1617 1280 1679 cotidie

216 1709 365 1769 dieamus
400 1708 432 1768 in
467 1715 556 1768 tanta
587 1706 741 1768 varietate
770 1728 877 1769 rerum
906 1708 973 1780 nisi
997 1708 1127 1768 animos
1154 1715 1281 1768 nostros
1351 1705 1353 1708 ’

215 1818 373 1858 noemma
389 1796 589 1872 excolamus
603 1805 658 1858 aut
668 1796 751 1858 ferre
766 1796 890 1858 animos
905 1804 1026 1857 tantam
1042 1815 1138 1880 posse
1153 1803 1281 1857 conten-

214 1887 334 1947 tionem
350 1885 411 1946 nisi
426 1905 482 1947 eos
497 1886 642 1947 doctrina
656 1885 767 1947 eadem
784 1886 990 1948 relaxemus?
1006 1884 1075 1967 Ego
1090 1905 1165 1946 vero
1180 1884 1282 1946 fateor

216 1995 266 2036 me
286 1975 336 2036 his
356 1974 471 2036 studiis
492 1995 562 2036 esse
584 1974 737 2036 deditum.
761 1973 894 2036 Ceteros
913 1975 1042 2056 pudeat,
1065 1974 1091 2035 si
1111 1973 1165 2058 qui
1185 1974 1229 2037 ita
1248 1994 1282 2035 se

215 2063 331 2126 litteris
351 2062 552 2138 abdiderunt,
575 2073 610 2125 ut
629 2063 707 2125 nihil
722 2063 848 2146 possint
863 2084 901 2126 ex
916 2063 954 2125 iis
970 2083 1073 2147 neque
1089 2063 1128 2126 ad
1144 2083 1282 2125 commu-

217 2173 290 2214 nem
306 2151 430 2214 adlerre
445 2151 584 2214 fructum
599 2173 702 2236 neque
718 2153 750 2214 in
765 2161 931 2236 aspectum
941 2153 1108 2235 lucemque
1119 2153 1280 2235 prolerrc;

217 2262 267 2303 me
287 2250 393 2303 autem
413 2241 490 2324 quid
508 2241 637 2324 pudeat,
656 2242 710 2325 qui
724 2251 772 2304 tot
787 2262 887 2304 annos
906 2243 951 2304 ita
967 2242 1048 2316 vivo,
1066 2241 1198 2315 indicae,
1215 2250 1284 2303 uta

216 2329 334 2392 nullius
348 2351 500 2414 umquam
516 2351 566 2392 mc
581 2339 726 2413 tempore
742 2339 797 2393 aut
810 2331 988 2406 commodo,
1002 2341 1056 2392 aut
1066 2331 1165 2393 otium
1177 2350 1283 2392 meum

216 2420 401 2494 abtraxerit,
419 2429 474 2482 aut
487 2420 635 2503 voluptas
650 2421 800 2494 avocarit,
819 2429 873 2481 aut
888 2421 1024 2502 denique
1040 2439 1170 2482 somnus
1185 2428 1282 2480 retar-

217 2509 325 2570 darit?
347 2508 454 2587 Quare
477 2509 548 2591 quis
570 2509 699 2571 tandem
722 2530 773 2571 me
795 2509 1018 2592 reprehendat,
1040 2518 1095 2570 aut
1114 2509 1185 2593 quis
1206 2507 1283 2569 mihi

216 2598 284 2659 iure
300 2607 497 2673 succenseat,
515 2599 542 2659 si
557 2607 711 2681 quantum
727 2598 842 2660 ceteris
858 2597 898 2659 ad
914 2618 988 2659 suas
1008 2618 1059 2660 res
1080 2597 1280 2660 obeundas...

217 2686 402 2749 conceditur
416 2697 636 2770 temporum..
653 2695 776 2749 tantum
792 2687 870 2748 milri
885 2697 1015 2771 egomet
1029 2687 1068 2748 ad
1084 2686 1163 2748 haec
1178 2684 1262 2748 studi

217 2775 389 2838 recolenda
409 2778 604 2859 sumpsero?
623 2776 728 2860 Atque
748 2777 808 2838 hoc
826 2796 864 2838 eo
884 2776 962 2837 mihi
982 2776 1219 2838 concedendum
1235 2784 1285 2837 est

218 2866 333 2948 magis,
352 2865 436 2949 quod
452 2887 493 2926 nx
508 2887 560 2926 rus
576 2887 699 2926 srunns
714 2887 796 2927 nano
812 2887 941 2939 QUOQUE
961 2887 1089 2926 cnnscrr
1109 2887 1225 2926 onxrro
1245 2887 1284 2926 nr

218 2977 375 3017 excurris
391 2958 402 2993 ¹
417 2975 498 3037 quae
514 2965 770 3038 quantacumque
786 2955 818 3016 in
833 2976 884 3016 me
899 2964 958 3029 est,
975 2975 1148 3038 numquam
1164 2955 1284 3015 amico-

217 3064 288 3106 rum
303 3044 454 3128 periculis
471 3044 580 3106 deluit.
599 3045 708 3119 Arch,
726 3050 754 3119 6,
774 3050 878 3106 12-13.

263 3188 359 3274 Quae
369 3211 451 3255 vero
462 3187 496 3254 in
507 3187 661 3256 oratione
677 3211 738 3278 pro
753 3187 880 3255 Archia
894 3197 965 3254 tam
980 3187 1131 3256 breviter
1145 3210 1285 3276 expres-

219 3313 323 3384 serat,
342 3326 393 3384 ea,
413 3314 544 3394 septem
559 3313 637 3394 post
653 3304 763 3386 annis,
782 3304 816 3370 in
831 3303 928 3372 libris
949 3303 990 3370 dc
1011 3305 1157 3372 Oratore
1178 3302 1285 3394 expli-

218 3418 328 3486 cavit:
351 3418 497 3486 oratoris
519 3419 668 3486 animum
691 3419 911 3487 «doctrina»
934 3418 1165 3486 excolendum.
1190 3422 1285 3486 Tunc

219 3534 402 3602 multarum
421 3559 534 3602 rerum
554 3534 732 3602 scientiam
752 3535 1005 3626 percipiendam
1024 3534 1283 3616 demonstravit,

220 3674 306 3741 quae
327 3650 527 3741 disciplinae
548 3651 692 3719 maxime
713 3651 874 3718 colendae
895 3662 1013 3718 essent
1035 3651 1200 3728 definivit,
1218 3673 1286 3718 non

220 3766 319 3833 modo
334 3768 499 3858 legendos
515 3777 634 3857 poetas
651 3767 804 3858 aliosque
816 3767 1001 3856 scriptores
1014 3767 1075 3835 sed
1089 3766 1286 3834 discendam

219 3880 482 3973 philosophiam,
499 3883 689 3964 historiam,
707 3884 760 3950 ius
777 3883 887 3965 civile,
909 3893 1023 3950 cetera
1043 3883 1145 3950 etiam
1166 3883 1194 3949 si
1214 3883 1287 3950 lieri

220 4008 340 4088 posset
363 4002 387 4065 3.
414 3999 526 4085 Quam
549 4021 632 4066 vero
656 3998 896 4066 discendarum
921 4022 1034 4066 rerum
1059 3998 1225 4066 rationem
1252 3999 1287 4066 in

257 4199 281 4248 1.
303 4196 400 4259 Arch.,
415 4199 441 4259 1,
459 4199 492 4256 1;
511 4215 606 4267 supra,
623 4215 651 4267 p.
669 4196 712 4248 23.

257 4279 282 4328 2.
303 4277 334 4329 ld
349 4286 392 4330 cst
405 4277 531 4330 oratoria
544 4278 663 4330 facultas
678 4276 717 4344 (ἓν
731 4275 774 4330 διὰ
788 4275 884 4345 δυοῖν).

256 4357 282 4410 3,
305 4358 405 4428 Supra,
421 4377 449 4428 p.
466 4358 561 4409 13-15.
