3086 5040
437 449 453 527 ᾖ
472 457 498 512 4.
520 487 553 495 -
573 472 642 522 oum
662 469 831 512 xursrorum
852 465 999 511 cucusum
1217 443 1252 510 35

187 605 335 667 differant
356 605 440 666 inter
464 625 509 678 se,
538 604 623 688 quod
645 604 724 666 haec
750 604 830 666 ratio
854 603 980 666 dicendi
1004 603 1098 664 latior
1120 603 1171 677 sit,
1198 603 1252 664 illa

185 694 336 778 loquendi
352 694 556 756 contractior.
574 693 655 756 Volo
675 694 775 778 igitur
794 693 868 754 huic
888 713 1013 754 summo
1028 712 1155 753 omnem
1171 712 1252 774 quae

186 783 225 845 ad
250 783 421 844 dicendum
446 783 530 844 trahi
552 783 656 866 possit
678 782 829 866 loquendi
854 782 1009 843 rationem
1033 801 1104 842 esse
1130 791 1249 843 notam.

186 873 255 947 Or.‚
273 877 323 947 32,
342 877 410 934 114.

230 1017 301 1084 Neo
323 1015 436 1082 minus
461 1015 670 1083 Aristotelea
694 1024 775 1082 sunt
798 1037 885 1106 quae
908 1013 1014 1081 tradit
1039 1013 1080 1081 de
1103 1013 1251 1082 motibus

186 1131 376 1198 animorum
397 1131 525 1198 oratori
545 1131 801 1221 pernoscendis.
820 1133 858 1197 ln
875 1130 939 1197 hac
955 1133 1044 1197 enim
1064 1130 1252 1197 rhetoricae

186 1258 282 1338 parte
298 1257 436 1337 praeter
451 1257 584 1315 eeteros
600 1245 791 1314 elaboravit
806 1245 1023 1314 Aristoteles.
1038 1247 1252 1336 Quamquam

185 1386 267 1430 vero
296 1363 466 1453 permulta
495 1362 538 1429 ab
572 1385 611 1428 eo
640 1371 759 1429 notata
788 1361 908 1430 Cicero
941 1359 1103 1451 neglexit,
1138 1371 1252 1427 tamen

186 1478 384 1569 generalem
408 1476 591 1569 quamdam
616 1476 657 1544 de
678 1477 826 1544 motibus
852 1476 1040 1544 animorum
1064 1476 1252 1543 doctrinam

187 1593 356 1685 exposuit.
370 1596 421 1660 Ea
431 1593 521 1661 enim
533 1615 620 1683 quae
636 1592 679 1659 ad
691 1591 921 1661 conciliandos
936 1592 1252 1683 permovendosque

188 1710 319 1777 animos
335 1709 564 1800 pertinebant,
582 1731 669 1800 quae
684 1709 882 1800 plerumque
898 1732 919 1774 a
934 1707 1157 1799 scriptoribus
1169 1707 1253 1774 artis

188 1825 435 1893 omittebantur
462 1827 485 1907 ¹,
512 1825 598 1915 ipse,
625 1835 663 1891 ut
686 1825 856 1915 quondam
876 1823 1081 1891 Aristoteles
1101 1826 1126 1907 2,
1148 1823 1254 1915 expli-

187 1941 277 2008 cavit
297 1944 322 2007 ³.

232 2055 430 2123 Inveniendi
455 2067 637 2146 praecepta
662 2078 748 2147 quae
772 2055 947 2124 Ciceronis
967 2065 1119 2146 tempore
1139 2054 1253 2122 trade·

187 2172 313 2240 bantur
329 2173 371 2240 ad
387 2171 525 2263 singula
540 2195 721 2239 causarum
737 2195 864 2262 genera
879 2172 1125 2239 reserebantur.
1143 2172 1254 2257 Quam

188 2289 368 2372 rationem,
386 2289 429 2356 ab
446 2291 660 2379 Hermagora
673 2289 728 2355 vel
744 2287 972 2379 excogitatam
987 2289 1042 2355 vel
1057 2288 1252 2377 expolitam,

189 2404 323 2485 Cicero,
342 2404 376 2470 in
396 2403 492 2472 libris
513 2404 554 2471 de
576 2404 774 2471 inventione
795 2414 946 2484 secutus,
963 2414 1084 2493 postea
1103 2404 1254 2471 deseruit

189 2520 374 2611 maluitque
390 2520 458 2587 alia
472 2518 751 2587 inveniendorum
767 2531 1046 2611 argumentorum
1062 2522 1192 2589 ratione
1205 2520 1254 2588 uti

190 2657 276 2726 quae
292 2659 360 2702 non
376 2635 418 2702 ad
432 2635 588 2726 singulas
600 2658 724 2703 causas
736 2635 797 2702 sed
808 2636 851 2702 ad
862 2637 975 2704 omnia
986 2636 1255 2728 disputationum

190 2773 317 2841 genera
338 2761 432 2818 esset
452 2751 719 2820 accommodata.
738 2755 834 2819 Hanc
849 2752 1090 2820 Aristoteleam
1106 2753 1252 2834 dicebat,

190 2890 255 2933 non
277 2890 344 2958 quo
364 2868 502 2958 singula
521 2891 608 2959 quae
627 2868 701 2958 ipse
721 2867 755 2933 in
775 2892 816 2935 ea
835 2868 987 2936 traderet
1006 2869 1048 2936 ab
1069 2869 1254 2937 Aristotele

190 2991 326 3073 sumpta
353 2993 481 3066 essent,
506 2983 567 3050 sed
591 2984 671 3075 quia
691 2984 897 3051 Aristoteles
920 2985 1013 3052 locos
1032 2996 1195 3075 posuerat
1215 3009 1256 3052 ex

190 3097 314 3188 quibus
334 3099 493 3166 omnium
514 3122 628 3166 rerum
649 3110 850 3190 argumenta
873 3111 1089 3167 sumerentur
1110 3101 1133 3167 4.
1158 3102 1255 3187 Quae

226 3285 251 3336 l.
266 3305 278 3334 u
291 3286 322 3336 ln
333 3286 369 3337 iis
380 3286 453 3356 ipsis
464 3286 550 3339 rebus
561 3287 702 3358 permulta
714 3297 788 3348 sunt,
801 3305 872 3358 quae
885 3287 941 3361 ipsi
952 3288 1090 3358 magistri,
1104 3289 1154 3360 qui
1164 3288 1255 3341 rheto-

190 3365 243 3416 rici
263 3373 404 3426 rocantur,
425 3384 475 3419 nec
493 3367 620 3427 tradunt,
643 3385 693 3420 nec
714 3375 816 3420 tenent.
840 3369 913 3432 Quis
933 3369 1007 3418 enim
1026 3369 1117 3420 nescit
1136 3369 1254 3421 maxime

188 3444 245 3496 vim
255 3445 377 3497 existere
388 3447 512 3498 oratoris
523 3447 552 3497 in
562 3447 706 3498 hominum
723 3437 916 3499 mentibus'vel
928 3448 961 3499 ad
974 3448 1043 3499 iram
1056 3448 1100 3500 vel
1111 3449 1145 3499 ad
1158 3449 1253 3499 odium

190 3534 238 3576 ant
252 3525 381 3578 dolorem
397 3525 560 3586 incitandis,
574 3527 618 3578 vel
633 3525 668 3578 ab
679 3527 758 3578 hisce
774 3528 875 3579 iisdem
891 3526 1119 3596 permotionibus
1133 3528 1166 3578 ad
1182 3528 1254 3580 leni-

190 3613 276 3656 tatem
291 3605 573 3676 misericordiamque
588 3607 754 3658 revocandis
768 3606 811 3658 l...
834 3606 942 3672 Quibus
960 3606 995 3658 de
1013 3607 1096 3659 rebus
1112 3607 1254 3660 Aristote-

191 3683 245 3736 lem
261 3692 287 3736 et
305 3683 529 3759 Theophrastum
543 3685 695 3760 scripsisse
707 3686 811 3753 fateor.
829 3707 841 3736 u
859 3687 900 3738 De
916 3687 978 3746 Or„
997 3688 1079 3747 4,12,
1098 3688 1192 3746 52-13,
1210 3688 1252 3739 55.

193 3783 205 3811 a
227 3763 280 3814 His
299 3763 410 3816 duabus
431 3765 562 3835 partibus
582 3767 721 3818 orationis
737 3785 854 3836 quarum
875 3766 965 3818 altera
985 3765 1255 3818 commendationem

191 3843 285 3904 habet,
307 3844 396 3896 altera
415 3845 639 3904 concitationem,
662 3863 737 3917 quiae
757 3845 869 3898 minime
885 3846 1051 3920 praeceptis
1069 3845 1174 3898 artium
1190 3853 1255 3899 sunt

187 3923 386 3997 perpolitae.»
403 3925 444 3976 De
460 3925 522 3986 Or.,
538 3926 563 3986 2,
581 3926 624 3985 49,
642 3926 703 3976 201.

227 4004 253 4054 2.
270 4001 359 4054 Arist.
377 4004 471 4064 Rhet,
487 4005 512 4064 2,
530 4005 607 4056 1-17.

226 4085 252 4134 3.
270 4083 311 4134 De
327 4083 389 4144 Or.,
407 4084 432 4143 2,
451 4085 493 4144 42,
511 4085 624 4144 tta-53,
642 4085 703 4135 246.

227 4163 253 4213 4.
275 4163 315 4214 De
331 4163 392 4222 Or„
411 4165 436 4224 2,
454 4165 496 4224 36,
514 4164 583 4221 152;
605 4164 641 4219 cs.
658 4165 684 4224 2,
702 4165 827 4224 27,117;
848 4165 910 4218 Or..
927 4166 969 4226 14,
987 4167 1020 4217 46
1036 4165 1128 4234 (infra,
1147 4183 1174 4234 p.
1192 4165 1253 4232 36);

192 4241 226 4293 cl.
246 4240 335 4294 Arist.
357 4243 437 4294 Rhet.
461 4245 486 4304 2,
508 4245 612 4301 18-26;
635 4243 722 4313 Cope,
745 4242 941 4297 Introduction
960 4253 986 4297 to
1002 4244 1163 4297 Aristotle's
1179 4243 1254 4298 Rbe-

193 4321 271 4382 toric,
289 4341 317 4392 p.
336 4323 434 4375 51-52.-
