3086 5040
493 513 509 585 ἓ
529 515 554 571 1.
577 545 609 554 -
629 532 698 581 oum
718 532 841 572 rnarour
860 533 1008 573 cucusum
1249 517 1282 574 21

215 664 494 756 philosophisque
519 664 693 756 plerisque
719 665 872 756 ignorari
898 667 920 747 ¹,
948 666 1021 733 eius
1046 667 1283 735 auctoritatem

216 804 319 871 saepe
340 781 490 872 appellat
509 784 541 864 23
563 804 639 848 cum
660 805 700 848 eo
721 782 994 873 Theophrastum
1010 782 1163 874 aliosque
1185 811 1201 846 «
1223 807 1284 850 an-

214 897 329 987 tiquos
350 924 366 960 »
383 901 396 942 3
412 896 600 987 coniungit.
620 900 739 988 ltaque
754 898 783 964 si
799 897 956 966 Ciceroni
971 898 1037 989 ipsi
1053 899 1281 982 crederemus,

214 1021 412 1102 putaremus
434 1036 511 1079 eum
530 1013 631 1103 longe
652 1014 730 1104 plus
751 1013 901 1105 antiquis
920 1014 988 1080 illis
1004 1014 1165 1081 debuisse
1181 1037 1283 1104 quam

215 1126 441 1217 scriptoribus
465 1128 562 1210 artis,
587 1128 789 1219 aequalibus
812 1129 884 1196 suis
903 1131 928 1196 ¹¹.
953 1131 998 1196 At
1020 1130 1123 1197 etiam
1145 1153 1221 1197 curn
1240 1129 1282 1198 de

213 1243 430 1335 philosophia
445 1243 611 1334 disputat,
630 1268 766 1334 semper
784 1244 819 1311 in
838 1269 896 1313 ore
917 1247 1093 1313 Platonem
1113 1246 1283 1313 Aristote-

213 1360 346 1450 lemque
373 1359 498 1442 habet;
525 1384 623 1427 nemo
646 1370 760 1428 tamen
785 1361 884 1428 hodie
908 1361 1042 1428 dubitat
1066 1361 1147 1452 quin
1172 1362 1214 1429 ab
1239 1362 1281 1429 iis

213 1498 280 1543 non
301 1476 407 1542 multa
427 1475 472 1542 sit
492 1485 680 1558 mutuatus,
703 1477 808 1544 multo
828 1477 926 1566 plura
946 1500 966 1543 a
987 1476 1162 1560 Penestis,
1185 1477 1282 1545 Posi-

213 1591 326 1672 donio,
356 1591 564 1683 Chrysipp0,
592 1590 817 1673 Clitomacho,
843 1591 1024 1674 Antiocho,
1055 1593 1199 1684 aliisque
1226 1595 1281 1661 vel

213 1707 415 1798 aequalibus
440 1707 513 1775 suis
537 1709 592 1775 vel
618 1709 720 1798 paulo
745 1707 931 1798 superioris
957 1708 1081 1775 aetatis
1106 1710 1129 1775 5.
1163 1712 1280 1800 ltaque

211 1822 280 1914 ipsi
299 1847 367 1890 non
386 1823 487 1891 nimis
510 1823 716 1892 credendum
740 1834 815 1906 est;
839 1822 901 1890 sed
922 1824 1118 1915 diligenter,
1143 1849 1183 1891 ex
1208 1825 1280 1892 eius

212 1939 364 2030 scriptis,
382 1939 463 2030 quid
483 1939 633 2031 antiquis
650 1939 817 2022 debuerit,
836 1951 889 2006 est
903 1939 1153 2030 inquirendum.

390 2183 459 2262 51.
483 2221 528 2230 —
553 2183 665 2262 Quid
691 2184 864 2251 Platoni
890 2184 1101 2252 debuerit.

257 2370 308 2434 Ex
329 2367 481 2436 Platonis
502 2366 663 2458 dialogis,
685 2368 751 2435 duo
772 2369 900 2436 suntin
916 2369 1040 2460 quibus
1057 2369 1098 2436 de
1114 2378 1187 2436 arte
1203 2369 1279 2436 rhe-

210 2484 319 2552 torica
339 2483 521 2575 praecipue
543 2484 669 2575 agitur,
693 2475 869 2552 Phaedrus
889 2496 922 2553 et
943 2485 1106 2576 Gorgias.
1126 2489 1196 2552 Hos
1213 2508 1278 2551 non

211 2599 351 2667 dubium
377 2611 431 2668 est
459 2599 540 2691 quin
565 2600 685 2669 Cicero
709 2601 846 2691 legerit,
872 2600 920 2668 ita
944 2625 1047 2693 saepe
1072 2600 1112 2668 de
1139 2601 1181 2668 iis
1208 2624 1278 2668 me·

210 2715 307 2783 minit
325 2720 348 2783 ⁵.
373 2717 440 2785 Sed
460 2741 528 2785 non
543 2717 656 2785 omnia
672 2740 759 2808 quae
774 2717 908 2808 legerat
923 2716 957 2782 in
974 2741 1037 2784 sua
1053 2717 1181 2808 scripta
1198 2740 1278 2783 con-

212 2833 377 2922 gerebat;
403 2833 518 2925 itaque
541 2832 646 2900 exiis
670 2831 756 2922 ipsis
780 2831 877 2900 libris
902 2856 969 2900 non
994 2834 1100 2899 multa
1123 2855 1209 2924 quae
1234 2831 1278 2898 ad

211 2954 318 3010 artem
333 2944 537 3013 rhetoricam
553 2947 774 3036 pertinerent,
793 2959 967 3016 mutuatus
983 2958 1048 3016 est.

245 3107 270 3157 1.
292 3106 375 3177 Top.,
392 3109 416 3168 1,
432 3108 458 3158 3.

245 3187 270 3236 2.
292 3187 361 3246 lnv.,
378 3188 403 3247 1,
421 3188 446 3248 5,
465 3189 498 3246 7;
516 3189 557 3241 De
573 3189 635 3250 Or.,
654 3192 679 3251 2,
697 3192 740 3251 36,
758 3192 825 3249 152;
844 3191 907 3251 Or.,
925 3191 967 3250 14,
983 3191 1026 3251 46,
1044 3199 1097 3243 etc.

244 3267 270 3317 3.
341 3266 378 3318 Ut
393 3267 468 3319 inter
482 3270 574 3322 omnis
589 3279 700 3322 constat
715 3271 859 3342 antiquos,
881 3270 1075 3331 Aristotelem,
1094 3269 1276 3340 Theophras-

210 3354 277 3406 tum,
295 3345 485 3408 Theodecten,
504 3348 708 3420 Ephorum.....
726 3351 789 3410 0r.,
806 3352 850 3411 64,
867 3351 928 3402 218.

245 3427 269 3476 4.
291 3427 334 3477 lta
345 3426 457 3479 videtur
469 3429 574 3482 sentire
588 3429 744 3500 Chaignet:
759 3451 771 3479 ι(
786 3431 917 3491 Ciee'ron,
932 3431 1001 3483 dont
1014 3432 1056 3484 les
1069 3449 1137 3484 vues
1151 3449 1201 3482 sur
1213 3431 1277 3484 l'art

212 3525 223 3552 «
244 3506 368 3558 oratoire
384 3508 461 3559 n'ont
473 3508 575 3577 jamais
592 3511 654 3581 pris
667 3510 694 3561 la
710 3511 799 3563 forme
816 3511 982 3563 reellement
997 3512 1169 3582 didactique,
1185 3512 1276 3582 etqui

212 3605 223 3634 a
245 3603 275 3637 se
289 3586 479 3656 rattachepar
495 3606 540 3640 ses
555 3590 701 3660 principes
716 3609 754 3641 un
768 3609 824 3660 peu
840 3590 966 3643 flottants
982 3596 997 3643 a
1011 3591 1110 3643 Platon
1125 3601 1152 3643 et
1167 3596 1182 3642 a
1197 3590 1275 3642 Aris·

212 3685 223 3712 a
245 3675 303 3718 tote
317 3687 329 3716 n
347 3670 399 3733 (La
415 3667 578 3741 rlre'torique
592 3678 618 3722 et
633 3687 685 3722 son
701 3669 827 3730 histoire,
846 3690 874 3741 p.
889 3671 944 3737 61).

244 3746 269 3797 5.
305 3746 348 3798 cf.
381 3747 488 3808 Hirzel,
527 3749 780 3820 Untersucbongen
812 3769 848 3803 zu
877 3751 996 3804 Cicero's
1023 3750 1276 3826 pbilosophisclren

211 3825 366 3893 Sebristem
380 3826 539 3888 Schmekel‚
552 3829 605 3882 Die
616 3829 802 3904 Philosophia
815 3829 867 3883 der
882 3831 1023 3884 nrittleren
1040 3833 1118 3892 Stoa,
1133 3851 1161 3902 p.
1177 3833 1273 3904 18-46ι

209 3904 390 3967 Thiaucourt,
416 3907 505 3960 Essai
527 3927 579 3960 sur
602 3909 643 3962 les
667 3910 768 3963 traites
789 3911 1026 3986 philosophiques
1051 3909 1087 3964 de
1111 3911 1226 3964 Cice'ron
1249 3921 1275 3966 31

209 3983 284 4036 leurs
305 4004 420 4040 sources
439 4005 577 4060 grecques
588 4010 597 4049 ;
618 3989 748 4060 aliosque
768 3990 874 4042 multos
893 3990 942 4061 qui
962 4008 1052 4061 nuper
1071 3991 1105 4043 de
1126 3991 1274 4044 Ciceronis

208 4064 333 4118 lontibus
349 4067 535 4138 scripserunt,
553 4087 626 4138 quos
642 4087 807 4122 enumerare
822 4070 938 4139 longum
954 4079 1007 4123 est.

242 4146 265 4197 6.
289 4145 333 4198 cf.
363 4147 532 4208 Saltzmann,
564 4148 655 4202 Ueber
681 4149 791 4202 Ciceros
820 4150 974 4203 Kenntniss
1000 4149 1052 4204 der
1073 4151 1274 4224 platonisclren

210 4223 358 4293 Schriften,
388 4235 405 4278 1.
431 4228 452 4287 1,
476 4246 503 4297 p.
528 4229 632 4288 36-39;
655 4239 674 4281 t.
698 4230 734 4290 ll,
756 4249 782 4300 p.
808 4232 896 4289 1-10;
920 4231 1014 4293 Gloel,
1042 4232 1133 4284 Ueber
1154 4232 1274 4286 Cicero’s

210 4303 340 4358 Studium
368 4305 418 4360 des
446 4307 540 4368 Plato,
571 4328 597 4380 p.
631 4311 702 4370 7-a;
730 4328 782 4361 van
811 4311 936 4372 Heusde,
967 4313 1005 4364 M.
1040 4312 1149 4366 Tullius
1179 4313 1274 4368 Cicero

209 4383 385 4456 plicabitur
401 4407 429 4458 p.
444 4388 576 4441 aot-211.
