3062 5050
559 454 576 528 §
594 457 620 513 8.
642 487 675 496 —
695 473 763 513 1111
783 473 925 523 Quianam
1122 457 1126 471 ‘
1225 455 1277 513 109

208 604 450 698 111333311311111
475 606 499 689 ¹,
522 604 693 673 inculcata
720 605 864 696 denique
893 604 1008 671 inania
1031 604 1150 688 verba,
1178 605 1277 696 quasi

208 722 458 813 complementa
473 744 691 789 numerorum
706 723 730 788 2.

254 837 289 905 Si
312 862 353 905 ex
379 836 555 906 Ciceronis
581 837 720 927 scriptis
744 836 825 928 quid
848 835 978 904 ineius
1003 847 1115 904 mente
1140 835 1181 903 de
1207 837 1276 904 elo-

208 953 347 1044 quentia
368 963 535 1021 mutatum
561 953 607 1020 sit
627 953 788 1044 colligere
814 976 988 1035 conamur,
1014 953 1120 1020 multa
1140 951 1276 1042 quidem

209 1069 347 1138 diversa
376 1069 461 1137 artis
492 1079 676 1160 praecepta
705 1068 893 1159 reperimus
924 1067 984 1136 sed
1012 1092 1115 1136 unam
1144 1078 1276 1135 tantum

209 1185 430 1253 mutationem
456 1209 544 1276 quae
568 1184 685 1275 magni
707 1185 868 1251 momenti
894 1183 938 1251 sit
965 1210 972 1252 :
999 1207 1075 1250 cum
1099 1183 1205 1252 libros
1235 1183 1276 1250 de

210 1300 409 1369 Inventione
445 1300 594 1391 scripsit,
631 1299 805 1368 rhetorum
840 1299 1029 1367 doctrinam
1062 1300 1132 1367 1313
1168 1280 1276 1366 solam

209 1418 428 1508 sequebatur,
451 1440 514 1484 nec
533 1415 715 1484 videbatur
736 1415 904 1506 suspicari
924 1415 991 1483 alia
1010 1416 1117 1483 multa
1140 1424 1276 1506 praeter

208 1556 325 1600 eorum
348 1560 364 1596 11
382 1543 473 1600 31133
491 1525 573 1599 »ad
589 1531 866 1600 conformandam
887 1531 1115 1622 eloquentiam
1130 1530 1274 1622 requiri,

209 1649 268 1716 vix
299 1672 409 1739 pauca
442 1673 459 1716 e
489 1647 676 1716 dialecticis
706 1647 755 1714 in·
775 1647 1070 1738 argumentatione
1104 1648 1272 1715 sumebat.

209 1768 335 1832 Postea
349 1788 444 1847 vero,
464 1791 480 1827 11
498 1764 656 1855 antiquos
674 1791 690 1827 »
709 1763 809 1831 simul
825 1773 858 1830 et
873 1763 1097 1831 Academicos
1113 1763 1275 1830 recentio-

209 1905 264 1948 res
281 1890 432 1963 secutuS,
450 1881 527 1970 plus
547 1880 698 1972 ingenio,
717 1879 964 1959 exercitationi,
982 1879 1156 1946 doctrinae
1176 1903 1275 1970 prae-

209 1995 326 2064 sertim
340 1996 491 2065 tribuere
511 1995 622 2085 coepit
641 2019 743 2086 quam
764 2020 784 2063 a
802 1995 975 2086 plerisque
998 1995 1102 2062 tribui
1123 1994 1272 2076 solebat;

209 2112 309 2179 simul
324 2111 568 2203 Hermagoreis
583 2111 667 2179 locis
683 2111 796 2203 topica
811 2111 1014 2194 communia,
1032 2111 1274 2178 declamatorio

209 2227 328 2318 generi
352 2229 439 2306 θέσεις
465 2227 681 2318 anteposuit;
701 2251 741 2294 ea
761 2226 906 2317 denique
929 2227 1052 2318 quibus
1072 2227 1146 2316 ipse
1167 2227 1273 2294 excel-

208 2344 301 2412 lebat
321 2343 463 2434 perlecti
483 2343 629 2411 oratoris
650 2342 794 2410 maxime
814 2342 953 2432 propria
972 2341 1136 2410 iudicavit
1158 2367 1164 2408 :
1183 2344 1273 2410 1333-

208 2459 828 2551 1133,11311113131111311111131111113111111
852 2459 1060 2543 facultatem,
1084 2459 1272 2526 orationem

207 2586 363 2644 ornatam
396 2586 498 2668 atque
535 2598 782 2657 numerosam;
817 2598 876 2642 eas
911 2599 1043 2666 quoque
1073 2574 1272 2664 disciplinas

207 2692 332 2784 quibus
351 2715 491 2782 operam
510 2692 651 2759 dederat
670 2691 815 2759 maxime
835 2691 1050 2759 necessarias
1070 2714 1148 2758 esse
1173 2689 1269 2757 dixit.

209 2811 261 2876 lta
284 2808 449 2899 paulatim
470 2808 504 2874 in
529 2807 602 2876 eius
627 2817 738 2876 mente
765 2807 896 2898 species
921 2806 1089 2899 quaedam
1111 2807 1272 2897 eloquen-

206 2924 274 2993 tiae
290 2925 435 2992 sormata
450 2934 522 3007 est,
532 2923 601 2990 iam
620 2946 687 2991 non
703 2923 745 2990 ad
765 2923 938 2992 rhetorum
953 2932 1136 3014 praecepta
1152 2922 1212 2990 sed
1228 2922 1271 2990 ad

207 3040 384 3108 Tullianae
401 3040 614 3132 eloquentiae
629 3063 783 3108 normam
799 3039 939 3108 directa.

251 3156 328 3242 Quo
340 3166 492 3247 tempore
508 3156 592 3224 haec
604 3156 750 3237 mutatio
765 3157 855 3222 lacta
870 3154 914 3222 sit
927 3178 988 3245 pro
1001 3164 1094 3232 33113
1109 3153 1270 3220 affirmari

206 3259 340 3362 nequit3
355 3271 416 3339 sed
431 3281 535 3356 certe,
549 3271 606 3338 diu
619 3283 803 3362 antequam
816 3271 936 3340 Cicero
949 3270 1055 3338 libros
1069 3269 1110 3336 de
1124 3271 1270 3338 Oratore

207 3385 384 3464 scriberet,
400 3386 491 3452 sacta
506 3395 571 3453 est.
584 3389 682 3454 Nova
696 3397 810 3453 tamen
825 3385 883 3453 illa
899 3385 940 3453 de
956 3396 1029 3453 arte
1045 3384 1178 3452 dicendi
1191 3407 1270 3452 sen·
1371 3371 1373 3376 ¹

205 3500 313 3568 tentia
327 3499 361 3566 in
379 3499 596 3568 Divinatione
613 3512 645 3568 et
661 3500 695 3566 in
711 3499 862 3568 oratione
878 3523 940 3590 pro
954 3499 1082 3567 Archia
1096 3498 1270 3567 insinuata

205 3617 304 3708 plene
325 3639 489 3706 expressa
509 3638 576 3683 non
592 3626 645 3684 est
660 3616 767 3683 donec
782 3626 853 3683 tres
874 3615 914 3709 de
931 3617 1076 3685 Oratore
1092 3614 1170 3683 lihri
1188 3614 1269 3682 editi

206 3743 297 3800 sunt.
316 3736 442 3800 Postea
460 3755 543 3799 vero
562 3754 748 3822 numquam
768 3731 889 3800 Cicero
908 3731 952 3799 ab
968 3755 1008 3799 ea
1027 3730 1199 3799 discessit.
1218 3733 1270 3798 Ea
1301 3734 1303 3738 ’

205 3847 342 3938 quidem
361 3870 449 3936 quae
473 3845 674 3938 impugnata
694 3855 792 3913 erant
810 3846 845 3913 in
864 3845 1002 3914 meliore
1022 3846 1146 3914 lumine
1166 3845 1269 3914 collo·
1309 3827 1312 3834 Ι

205 3962 320 4044 cavit;
346 3972 529 4053 praecepta
549 3985 682 4053 quoque
702 3961 800 4052 plura
821 3960 862 4028 de
882 3961 1087 4052 quibusdam
1105 3961 1266 4045 tradidit;

205 4078 266 4145 sed
286 4102 326 4145 ex
346 4078 388 4146 iis
409 4102 496 4170 quae
515 4078 550 4144 in
569 4077 666 4146 libris
687 4077 727 4144 de
748 4079 893 4146 Oratore
911 4077 1152 4161 affirmaverat,
1169 4077 1264 4161 nihil,

205 4193 294 4285 quod
310 4194 426 4285 magni
442 4194 602 4262 momenti
618 4197 727 4277 esset,
741 4216 902 4284 umquam
917 4194 1069 4285 negavit.

240 4354 265 4405 1.
288 4353 350 4414 Or.,
368 4354 393 4415 8,
409 4355 452 4406 27.
468 4383 504 4393 -
518 4353 543 4404 2.
566 4353 628 4415 Or.,
645 4351 688 4414 69,
706 4353 767 4405 230.
