3086 5040
285 499 303 556 8
343 516 438 557 CAPUT
452 517 472 556 l.
490 531 522 540 -
538 517 646 566 QUANTI
662 517 763 556 ARTEM
779 517 970 558 RHETORICAM
985 516 1016 558 M.
1034 517 1157 558 TULLIUS
1172 517 1293 558 FECERl'l'

286 650 419 741 aliquos
434 651 556 718 saltem
571 650 725 718 rhetores
741 661 843 740 atque
859 651 1008 741 aliquam
1025 661 1133 718 artem
1149 651 1353 720 rhetoricam

285 766 320 832 in
343 766 385 833 iis
414 765 628 857 reprehendi,
655 766 887 857 quaerendum
912 777 965 834 est
989 791 1076 858 quos
1106 767 1260 835 homines
1294 778 1354 835 aut

285 881 376 972 quod
391 906 501 972 genus
517 881 707 950 rhetoricae
724 883 844 952 Cicero
859 882 1121 973 vituperaverit.

330 997 443 1065 Libris
471 998 512 1065 de
542 1000 689 1067 Oratore
719 1001 868 1066 Latinos
899 999 1066 1081 rhetores,
1099 1021 1139 1066 ac
1170 999 1351 1090 praecipue

286 1116 324 1179 L.
341 1114 488 1181 Plotium
503 1114 653 1194 Gallum,
668 1113 848 1206 exagitari,
863 1118 962 1182 Marx
975 1116 997 1197 ¹,
1013 1114 1161 1196 Hirze12,
1179 1116 1316 1183 Norden
1327 1118 1351 1196 ³,

286 1227 474 1296 doctissimi
498 1229 575 1312 viri,
605 1253 713 1320 nuper
737 1229 996 1298 contenderunt.
1018 1230 1245 1320 Argumenta,
1266 1255 1353 1321 quae

285 1368 347 1435 pro
362 1345 425 1411 hac
441 1345 611 1412 sententia
627 1356 773 1436 possunt
788 1345 913 1426 allerri,
933 1355 1094 1436 quattuor
1109 1355 1189 1413 sunt
1204 1347 1216 1427 {⁵
1231 1371 1238 1412 :

332 1463 358 1527 l.
374 1501 419 1512 -
434 1460 641 1551 Praecipuus
657 1461 690 1527 in
707 1461 843 1552 dialogo
858 1471 975 1551 partes
991 1461 1065 1552 agit
1080 1462 1232 1529 Crassus
1249 1485 1268 1528 a
1288 1485 1354 1552 quo

286 1576 440 1643 rhetores
457 1576 597 1644 Latinos
615 1581 721 1644 Roma
736 1578 854 1668 pulsos
871 1601 947 1644 csse
964 1586 1110 1644 constat.

332 1695 376 1759 ll.
392 1732 437 1742 -
452 1692 547 1759 Libri
562 1692 603 1759 de
620 1694 765 1762 Oratore
786 1692 868 1760 editi
889 1703 969 1760 sunt
987 1691 1045 1760 vix
1063 1716 1131 1760 uno
1151 1716 1240 1760 anno
1259 1703 1355 1783 post-

287 1831 389 1898 quam
399 1812 437 1874 L.
449 1807 579 1875 Plotius
592 1809 727 1891 Gallus,
738 1809 854 1876 rhetor
864 1809 1003 1891 latinus,
1015 1808 1174 1880 Atratino
1187 1808 1353 1892 Caelium,

288 1922 464 1993 Ciceronis
480 1923 637 2004 amicum,
655 1924 831 1992 accusanti
848 1924 986 2015 scripsit
1001 1925 1201 1992 orationem.

333 2041 394 2105 lll.
420 2079 464 2089 —
487 2043 524 2106 ln
546 2039 643 2107 libris
670 2040 710 2107 de
732 2041 878 2109 Oratore
900 2064 966 2108 non
989 2041 1088 2107 modo
1110 2040 1215 2107 multa
1238 2049 1356 2108 contra

288 2155 442 2222 rhetores
467 2154 626 2222 dicuntur
648 2156 708 2222 sed
733 2156 836 2222 etiam
860 2179 954 2223 unus
978 2155 1072 2224 loeus
1094 2157 1107 2202 ⁵
1130 2155 1301 2222 invenitur
1321 2155 1356 2222 in

288 2294 354 2360 quo
381 2271 532 2338 Crassus
558 2271 709 2340 ostendit
737 2296 797 2339 eur
824 2272 972 2339 Latinos
995 2272 1150 2340 rhetores
1174 2271 1353 2362 expulerit,

288 2410 355 2453 non
369 2410 451 2454 vero
468 2388 634 2456 Graecos

334 2505 393 2572 IV.
419 2543 464 2552 —
488 2502 687 2570 Laudantur
707 2527 726 2570 a
746 2504 911 2572 Cicerone
935 2503 1085 2585 Graeci,
1108 2506 1261 2574 Graecos
1283 2503 1356 2569 rhe-

288 2627 381 2684 tores
398 2617 511 2684 Latini
525 2617 685 2709 ignorare
701 2628 761 2686 aut
776 2618 952 2709 despicere
970 2620 1192 2687 conabantur.

336 2737 406 2801 llas
417 2743 531 2801 tamen
542 2734 692 2802 rationes
704 2735 813 2802 lateor
823 2734 904 2800 mihi
915 2758 982 2802 non
992 2735 1092 2802 valde
1104 2734 1220 2801 firmas
1232 2733 1353 2802 videri.

336 3155 361 3219 l.
388 3193 432 3203 —
456 3151 556 3239 Quod
580 3152 668 3219 enim
694 3155 844 3222 Crassus
867 3152 995 3243 primas
1020 3152 1053 3218 in
1080 3151 1218 3242 dialogo
1241 3161 1357 3242 partes

291 3268 363 3359 agit
383 3268 505 3334 mirum
525 3292 607 3335 sane
627 3292 694 3336 non
714 3279 778 3335 est.
803 3271 889 3338 Cum
908 3268 996 3334 enim
1016 3267 1119 3334 vellet
1140 3267 1261 3336 Cicero
1281 3291 1359 3335 ora-

289 3395 382 3451 tores
407 3384 448 3450 de
474 3384 666 3474 eloquentia
690 3384 906 3475 disputantes
930 3383 1103 3464 inducere,
1132 3383 1243 3449 nullos
1273 3382 1358 3449 alios

291 3501 441 3591 aptiores
470 3500 597 3591 eligere
624 3511 758 3591 poterat
782 3523 884 3590 quam
909 3501 1075 3568 Crassum
1100 3509 1134 3566 et
1158 3498 1356 3580 Antonium,

291 3735 480 3804 loquamur»,
498 3751 588 3804 neque
604 3744 660 3785 tam
675 3733 710 3784 ab
725 3743 785 3785 arte
801 3733 947 3785 rhetorum
964 3750 1046 3802 quam
1063 3731 1098 3782 ab
1116 3731 1177 3801 ipsa
1196 3731 1358 3800 eloquentia

291 3816 326 3867 de
344 3833 398 3884 qua
417 3814 496 3885 loqui
515 3832 571 3866 non
591 3813 702 3866 solebat
722 3814 778 3880 (cf.
799 3814 834 3865 de
853 3813 914 3872 0r.,
937 3815 962 3871 1,
984 3813 1027 3872 21,
1049 3813 1101 3868 97;
1125 3815 1148 3872 1,
1171 3813 1214 3870 22,
1234 3811 1356 3870 99-100;

293 3897 316 3956 1,
331 3896 374 3956 35,
389 3895 459 3951 163;
478 3896 502 3954 1,
518 3896 560 3954 17,
578 3895 647 3951 206;
665 3896 689 3954 2,
708 3895 732 3954 4,
751 3895 795 3959 15)
811 3910 970 3944 sermonem
987 3902 1113 3944 avertere
1128 3891 1249 3944 volebat.

327 3977 352 4026 1.
369 3973 416 4025 Ad
430 3974 605 4026 Herennium
620 3973 687 4025 libri
701 3975 751 4026 IV.
767 3972 981 4042 Prolegomena,
1000 3990 1027 4041 p.
1045 3973 1106 4022 142.

328 4056 352 4105 2.
374 4056 432 4106 Der
446 4053 558 4123 Dialog,
578 4054 600 4114 1,
617 4073 645 4123 p.
661 4055 722 4105 481.

328 4136 353 4186 3.
375 4133 427 4186 Die
443 4133 538 4186 antilc
553 4136 741 4208 It'unstprcsa,
760 4152 788 4203 p.
807 4131 937 4183 ala-224.

328 4216 353 4265 4.
375 4214 490 4266 Norden
503 4213 573 4265 ibid.
590 4213 658 4265 haee
674 4221 838 4282 argumenta
854 4229 918 4264 esse
932 4211 1016 4271 dicit;
1029 4231 1091 4282 quae
1103 4212 1194 4262 minus
1206 4211 1360 4281 perspicue

293 4313 308 4346 a
323 4294 427 4346 ceteris
441 4303 648 4363 proponuntur.

328 4375 353 4427 5.
376 4374 417 4426 De
434 4372 495 4436 Or.,
511 4374 536 4435 3,
552 4374 595 4436 24,
612 4372 701 4425 93-94.
719 4372 762 4424 Cf.
775 4391 803 4442 p.
821 4371 863 4422 10.
