3062 5050
427 458 487 532 §a
510 491 542 500 -
563 475 670 518 smnus
690 475 725 517 ur
743 475 986 518 conrnovansma
1129 479 1133 486 ⁴
1207 460 1242 518 95

160 677 167 698 ι
211 609 258 671 Ac
277 609 416 692 primum
436 619 583 672 naturam
604 601 718 672 causae
733 609 849 684 videat,
869 631 950 694 quae
965 608 1138 693 numquam
1153 610 1243 685 latet,

170 697 333 760 factumne
349 699 392 760 sit
406 707 589 782 quaeratur,
607 720 648 760 an
663 699 762 781 quale
772 699 823 774 sit,
837 720 878 760 an
888 700 979 781 quod
987 720 1105 760 nomen
1116 699 1244 762 habeat.

170 787 220 850 De
236 787 305 862 01,
324 793 352 862 2,
370 793 419 862 30,
440 788 620 863 132;11.2,
639 793 687 862 21,
708 793 784 862 1013
803 793 831 862 2,
849 793 897 862 26,
918 793 984 849 113.

211 876 489 960 ¹Quoniamigitur
502 896 606 950 omne,
621 875 705 960 quod
722 877 753 936 in
768 877 1020 938 controversiam
1033 876 1130 951 venit,
1144 877 1175 937 id
1190 885 1246 938 aut

170 967 213 1026 sit
227 987 330 1027 necne
350 967 392 1026 sit
411 975 466 1026 aut
485 965 567 1047 quid
585 966 627 1027 sit
646 974 701 1027 aut
720 965 819 1047 quale
838 963 882 1026 sit
900 964 1074 1048 quaeritur,
1093 965 1125 1026 in
1140 965 1245 1048 primo

171 1054 355 1116 coniectura
376 1053 471 1128 valet,
497 1055 528 1114 in
551 1053 652 1116 altero
675 1053 827 1128 definitio,
857 1053 889 1114 in
915 1053 1010 1115 tertio
1038 1053 1130 1115 ratic.
1155 1053 1241 1116 Part.⁴

171 1142 241 1217 011,
259 1149 287 1216 o,
306 1143 488 1218 3330129,
508 1148 632 1216 101-31,
652 1147 719 1204 108.

210 1231 370 1293 Defensor
385 1231 505 1314 aliquid
521 1226 665 1314 opponat
679 1231 718 1293 de
733 1231 835 1292 tribus
853 1253 860 1292 ε
878 1240 933 1295 aut
951 1253 1016 1292 non
1032 1252 1102 1292 esse
1113 1235 1242 1313 sactum

170 1329 236 1394 aut,
255 1321 282 1382 si
298 1321 340 1382 sit
354 1319 484 1394 factum,
503 1320 589 1382 aliud
605 1321 673 1382 eius
689 1320 763 1382 facti
779 1342 897 1382 nomen
915 1340 986 1382 esse
1005 1330 1060 1382 aut
1079 1323 1151 1381 iure
1171 1341 1243 1383 esse

170 1409 301 1471 sactum.
324 1409 435 1493 Itaque
455 1419 511 1472 aut
530 1409 682 1482 infitialis,
705 1417 760 1470 aut
775 1408 998 1471 coniecturalis
1013 1409 1118 1492 prima
1133 1410 1242 1493 appel·

169 1497 264 1572 letur,
295 1492 458 1560 definitiva
487 1498 598 1573 altera,
629 1498 733 1572 tertia,
761 1497 906 1581 quamvis
930 1498 1101 1560 molestum
1125 1519 1242 1561 nornen

169 1587 231 1648 hoc
247 1587 300 1661 sit,
318 1586 505 1648 iuridicialis
519 1595 661 1648 vocetur.
679 1585 774 1670 Top.,
792 1591 840 1661 24,
858 1591 907 1649 92.

213 1731 266 1796 Ex
280 1729 404 1820 quibus
425 1728 581 1796 concludi
601 1739 715 1819 potest
735 1729 936 1798 Ciceronem
951 1729 1061 1819 primo
1077 1741 1242 1821 quattuor

170 1855 282 1913 status
302 1845 532 1913 numerandos
552 1855 706 1935 putasse,
724 1855 846 1935 postea
865 1856 1024 1936 quartum
1043 1857 1241 1915 constanter

169 1959 343 2028 reiecisse.

213 2078 244 2143 A
265 2077 428 2160 statihuS,
450 2076 703 2144 controversias
720 2076 838 2166 scripti
855 2077 1057 2145 adulescens
1073 2101 1240 2170 segrega-

167 2203 278 2275 verat,
304 2196 554 2283 Hermagoram
576 2203 716 2260 secutus
739 2195 770 2272 1;
792 2217 851 2260 eas
872 2204 992 2283 postea
1009 2193 1114 2261 statui
1129 2195 1239 2285 quali·

169 2309 252 2376 tatis
281 2310 480 2399 plerumque
509 2307 706 2391 subiunxit;
736 2319 941 2376 nontamen
966 2309 1176 2400 secumipse
1204 2311 1238 2378 in

167 2424 415 2514 posterioribus
445 2424 583 2515 scriptis
611 2448 745 2514 semper
776 2423 942 2508 constitit,
969 2449 1078 2516 neque
1101 2425 1239 2495 videtur

167 2539 207 2608 de
228 2541 306 2607 istis
326 2563 451 2630 magno
472 2564 573 2630 opere
596 2563 749 2607 curasse.
774 2543 960 2608 Numerum
982 2542 1237 2610 controversia-

167 2679 241 2723 rum
278 2680 345 2723 non
384 2678 520 2746 semper
557 2655 713 2723 eumdem
747 2655 899 2738 statuit;
937 2656 1085 2747 quinque
1120 2681 1237 2725 earum

167 2795 296 2864 genera
324 2771 358 2837 in
387 2771 484 2839 libris
512 2770 552 2838 de
583 2771 782 2838 Inventione
809 2782 999 2861 posuerat,
1026 2783 1148 2863 postea
1171 2774 1238 2842 tria

165 2887 300 2954 tantum
319 2887 513 2954 numeravit
533 2910 639 2978 eaque
660 2887 760 2955 modo
775 2887 819 2953 ad
834 2887 1033 2978 ambiguum
1049 2899 1082 2956 et
1097 2899 1237 2956 contra-

166 3003 267 3086 rium,
285 3002 439 3070 modoad
454 3004 563 3070 solum
578 3003 778 3093 ambiguum
789 3001 873 3070 dixit
888 3027 965 3070 esse
979 3004 1171 3072 referenda.

206 3145 326 3228 Scripti
355 3145 573 3206 controversia
601 3154 651 3207 est
679 3165 821 3229 eaquae
846 3165 884 3206 ex
908 3145 1091 3229 scriptionis
1117 3166 1236 3229 genere

164 3235 317 3296 nascitur.
339 3234 417 3296 Eius
436 3243 543 3296 autern
564 3254 684 3317 genera
703 3256 788 3317 quae
806 3246 965 3315 separata
984 3247 1061 3296 sunt
1075 3259 1096 3296 a
1113 3239 1234 3297 consti-

163 3324 352 3402 temonibus,
365 3323 506 3406 quinque
522 3331 633 3384 sunt...
646 3323 789 3384 Primum
805 3343 909 3407 genus
925 3323 963 3385 de
980 3324 1100 3408 scripto
1117 3333 1149 3386 et
1164 3345 1234 3387 sen·

164 3413 273 3486 tentia,
291 3412 466 3474 secundum
483 3432 522 3473 ex
536 3412 704 3473 contrariis
719 3412 858 3496 legibus,
880 3412 1010 3474 tertium
1030 3413 1232 3497 ambiguum,

164 3510 312 3584 quartum
337 3500 603 3575 ratiocinativum,
631 3501 776 3584 quintum
797 3500 994 3563 definitivum
1013 3502 1232 3564 nominamus.

164 3588 244 3665 lnv,
264 3596 292 3664 1,
311 3593 412 3663 12-13,
431 3594 478 3651 17.

204 3677 322 3742 lterum
341 3685 448 3739 autem
463 3689 616 3759 peccant,
633 3699 730 3760 quom
743 3699 848 3761 genus
863 3679 924 3739 hoc
939 3700 1129 3758 causarum,
1147 3681 1236 3761 quod

164 3769 197 3827 in
212 3769 331 3848 scripti
342 3768 610 3847 interpretatione
627 3778 787 3845 versatur,
805 3766 845 3828 ab
861 3765 924 3827 illis
940 3767 1055 3842 causis,
1071 3767 1103 3828 in
1119 3767 1234 3851 quibus

164 3854 267 3938 qualis
296 3875 442 3938 quaeque
471 3874 522 3915 res
551 3855 593 3916 sit
621 3854 829 3937 disceptatur,
854 3857 1040 3937 seiungunt.
1067 3856 1231 3940 Nusquam

164 3943 247 4005 enim
276 3953 342 4005 tam
371 3942 535 4026 quaeritur
562 3942 656 4027 quale
686 3943 727 4005 sit
751 3964 853 4027 genus
878 3944 984 4027 ipsum
1009 3945 1054 4006 rei
1079 3966 1175 4029 quam
1201 3947 1233 4007 in

164 4032 294 4115 scripto,
320 4031 405 4115 quod
430 4040 531 4093 totum
560 4053 579 4092 a
607 4032 682 4093 facti
712 4033 929 4095 controversia
958 4044 1140 4115 separatum
1171 4044 1229 4096 est.

163 4117 210 4181 De
226 4121 296 4198 Or,
315 4129 346 4195 2,
365 4124 413 4196 26,
433 4125 500 4182 112.

198 4307 222 4357 1.
246 4307 348 4377 Supra,
363 4327 391 4378 p.
407 4308 450 4360 41.
