3062 5050
491 477 507 550 5
526 479 552 535 3.
575 511 607 518 -
628 495 697 544 curn
717 493 824 536 srorers
843 493 991 534 nnnurmr
1242 475 1276 532 53

247 631 379 693 Inventa
398 630 545 693 exornari
565 639 597 692 et
616 638 720 692 certas
740 629 772 690 in
792 637 902 711 partes
923 627 1079 711 distingui
1102 636 1134 689 et
1156 625 1275 689 suavis-

207 722 323 782 simum
344 728 394 782 est
413 728 446 782 et
465 740 589 781 summe
609 718 825 780 necessarium
849 726 880 779 et
902 717 942 778 ab
964 717 1043 778 artis
1065 715 1276 798 scriptoribus

207 810 344 871 maxime
359 809 553 893 neglectum.
573 808 680 887 Quare
695 807 780 870 etde
796 827 834 868 ea
848 805 1074 889 praeceptione
1089 804 1181 866 nobis
1196 804 1276 866 etin

206 899 266 960 hoc
285 897 356 959 loco
376 897 545 959 dicendum
565 897 670 958 visum
691 905 740 958 est
758 904 794 957 ut
812 894 852 956 ad
868 894 1082 956 inventionem
1098 914 1276 976 argumen-

206 988 303 1049 tandi
314 988 400 1047 ratio
416 985 684 1070 adiungeretur...
703 984 782 1059 lnv.,
802 991 829 1058 1,
846 989 896 1059 30,
914 988 963 1045 50.

251 1132 303 1196 Ex
322 1153 390 1220 qua
405 1127 684 1219 philosophorum
700 1137 794 1194 secta
807 1126 866 1193 illa
881 1125 1144 1216 argumentandi
1160 1125 1247 1193 ratio
1264 1128 1273 1170 ¹

206 1245 332 1312 hausta
359 1248 444 1332 est?
472 1249 601 1334 Nempe
631 1268 672 1311 ex
701 1267 741 1310 ea
769 1266 856 1334 quae
886 1241 1099 1309 dialecticam
1130 1240 1274 1307 maxime

208 1361 371 1429 coluerat.
391 1360 429 1426 ld
445 1383 511 1428 non
528 1359 627 1427 modo
641 1358 741 1426 valde
761 1358 834 1425 veri
855 1357 964 1425 simile
984 1366 1049 1436 est,
1071 1356 1150 1446 quia
1171 1355 1276 1424 Stoici

206 1476 352 1564 maxime
373 1475 407 1542 in
425 1475 605 1542 dialectica
620 1475 894 1555 elaboraverant,
913 1472 973 1540 sed
989 1496 1030 1539 ex
1044 1473 1130 1562 ipsis
1146 1471 1275 1563 regulis

206 1616 293 1683 quae
310 1592 446 1674 dantur,
460 1601 493 1658 et
506 1615 548 1658 ex
560 1590 715 1658 terminis
729 1590 786 1682 qui
801 1589 1006 1657 adhibentur
1020 1589 1238 1656 manifestum
1248 1589 1272 1654 2.

251 1709 318 1776 Sed
333 1707 417 1774 haec
431 1707 545 1797 potius
562 1707 604 1774 ad
615 1705 865 1796 philosophiam
876 1729 978 1796 quam
991 1704 1034 1771 ad
1046 1703 1275 1795 eloquentiam

206 1823 436 1914 pertinebant.
473 1827 523 1890 De
556 1823 633 1912 ipsa
665 1821 859 1913 eloquentia
892 1821 1013 1890 Cicero
1038 1820 1171 1911 ‘partim
1199 1844 1275 1887 cum

207 1939 331 2008 Stoicis
347 1939 529 2021 consentit,
547 1939 671 2029 partim
687 1939 730 2005 ab
745 1938 788 2004 iis
804 1937 975 2004 dissentit.
992 1937 1157 2004 Dixerant
1170 1936 1275 2004 Stoici

206 2055 435 2146 eloquentiam
476 2055 639 2122 virtutem
681 2077 772 2136 esse,
820 2053 966 2120 virtutes
1010 2062 1123 2119 autem
1168 2052 1274 2120 solius

206 2170 372 2261 sapientis
388 2195 479 2253 esse,
497 2172 606 2238 solum
621 2170 728 2261 igitur
743 2169 933 2259 sapientem
948 2170 1162 2259 eloquentem
1182 2192 1271 2235 esse.

207 2286 372 2356 Concedit
388 2286 510 2356 Cicero
526 2285 754 2377 eloquentiam
765 2308 842 2352 esse
855 2285 1030 2366 virtutem,
1046 2284 1181 2351 minime
1191 2307 1275 2352 vero

207 2403 316 2470 solum
341 2402 531 2492 sapientem
556 2426 633 2469 esse
659 2402 874 2492 eloquentem
894 2427 902 2483 ;
928 2425 971 2468 ex
993 2401 1036 2468 iis
1059 2400 1166 2492 igitur
1187 2424 1274 2492 quae

206 2518 309 2586 Stoici
333 2518 375 2586 de
400 2519 595 2610 eloquentia
622 2517 869 2600 disseruerunt,
900 2517 935 2584 id
961 2527 1095 2585 tantum
1126 2516 1275 2585 admittit

207 2634 295 2724 quod
329 2633 499 2702 communi
527 2633 700 2702 hominum
729 2633 879 2723 opinioni
912 2656 979 2701 non
1013 2643 1184 2724 repugnat
1217 2643 1275 2701 aut

207 2749 317 2818 minus
333 2760 515 2841 repugnat.

245 2892 367 2955 Horum
391 2891 456 2968 alii,
483 2893 566 2954 sicut
589 2893 649 2954 iste
674 2893 743 2976 ipse
766 2892 986 2954 Mnesarchus
1010 2894 1079 2967 hos,
1106 2912 1187 2975 quos
1215 2913 1274 2955 nos

206 2990 349 3044 oratores
368 3002 566 3057 vocaremus,
589 2982 667 3042 nihil
687 3002 759 3044 esse
775 2981 901 3044 dicebat
915 2982 977 3044 nisi
992 2981 1148 3065 quosdam
1164 3002 1274 3064 opera·

206 3070 269 3132 rios
288 3069 401 3154 lingua
420 3070 515 3133 celeri
539 3080 570 3133 et
591 3071 786 3146 exercitata;
812 3078 970 3133 oratorem
995 3079 1112 3145 autem,
1136 3071 1198 3132 nisi
1220 3071 1274 3154 qui

206 3159 334 3242 sapiens
360 3167 456 3234 esset,
483 3179 553 3220 esse
578 3159 750 3234 neminem,
781 3168 878 3242 atque
908 3159 1011 3242 ipsam
1041 3159 1271 3240 eloquentiam,

206 3248 290 3330 quod
311 3268 351 3309 ex
372 3249 453 3310 bene
476 3247 602 3309 dicendi
625 3248 758 3309 scientia
780 3256 951 3322 constaret,
975 3269 1074 3309 unam
1095 3247 1273 3329 quamdam

206 3358 274 3397 esse
290 3339 451 3412 virtutem,
464 3346 506 3412 et,
520 3337 573 3419 qui
589 3356 685 3398 unam
700 3337 850 3398 virtutem
866 3336 1009 3411 haberet,
1024 3337 1127 3398 omnis
1142 3337 1271 3411 habere,

205 3445 323 3508 easque
353 3446 424 3488 esse
453 3426 537 3487 inter
565 3445 599 3487 se
628 3424 771 3507 aequalis
800 3435 832 3488 et
859 3425 972 3508 paris;
1009 3425 1064 3501 ita,
1099 3426 1153 3508 qui
1187 3435 1274 3488 esset

241 3624 265 3673 1.
288 3624 367 3686 Quae
384 3623 445 3675 fuse
462 3623 637 3693 explicatur:
655 3625 723 3684 Inv.,
742 3626 767 3683 1,
784 3624 827 3684 30,
845 3624 935 3684 50-41,
954 3625 996 3675 77.

241 3704 265 3752 2.
288 3702 331 3753 Cf.
358 3702 517 3773 Philipson,
541 3705 620 3756 Neue
641 3702 820 3756 Jahrbr'tclrer
842 3704 890 3771 sitr
912 3702 1072 3772 Philologie
1094 3701 1152 3755 rand
1172 3702 1273 3755 Pctda-

204 3781 295 3852 gogilr,
314 3782 468 3844 CXXXIII,
487 3784 565 3843 1886,
580 3803 608 3852 p.
624 3785 684 3844 422,
700 3785 746 3835 cui
760 3793 852 3835 tamen
864 3801 919 3836 non
932 3784 1078 3835 adsentior
1095 3784 1274 3836 contendenti

205 3863 382 3931 prooemium
393 3862 533 3915 librorum
545 3864 579 3915 de
591 3864 753 3916 Inventione
764 3873 791 3915 et
802 3881 834 3915 ea
845 3881 916 3934 quae
928 3864 956 3914 in
966 3864 1068 3914 iisdem
1079 3863 1163 3915 libris
1177 3872 1274 3916 contra

206 3941 409 4011 Hermagoram
436 3943 512 3995 dicta
538 3953 611 4004 sunt,
640 3944 737 3996 Stoico
767 3954 795 3996 et
823 3944 937 4014 quidem
966 3943 1129 4003 Posidonio,
1162 3943 1271 3996 deberi.

205 4022 299 4074 Locus
315 4021 459 4074 Plutarchi
478 4024 588 4093 (Pomp.
610 4023 653 4084 42,
676 4025 712 4091 4),
735 4041 792 4094 quo
812 4023 962 4093 Philipson
981 4023 1086 4093 aliique
1106 4033 1224 4075 utuntur
1239 4024 1273 4075 ad

205 4101 397 4171 explicandam
418 4103 611 4172 Hermagorae
630 4103 866 4174 vituperationem
884 4106 965 4171 (lnv.,
988 4106 1012 4164 1,
1035 4105 1060 4164 6,
1080 4105 1116 4171 8),
1134 4121 1189 4155 non
1204 4104 1273 4155 mihi

204 4181 316 4233 videtur
334 4200 421 4252 posse
443 4192 521 4235 certo
542 4184 575 4234 ad
596 4184 723 4236 eamdem
743 4184 939 4254 quaestionem
960 4184 1072 4236 referri.
1092 4184 1188 4236 —De
1208 4184 1273 4254 qui·

204 4260 324 4312 busdam
344 4262 408 4314 aliis
429 4263 542 4315 Stoicae
563 4273 656 4315 sectae
675 4264 807 4333 vestigiis
828 4282 900 4334 quae
918 4265 946 4315 in
961 4263 1046 4317 libris
1061 4264 1096 4316 de
1112 4264 1273 4318 Inventione

205 4350 326 4404 exstant,
344 4342 378 4395 cl.
393 4341 524 4405 Jaeneke,
542 4363 570 4413 p.
589 4344 678 4396 76-78.
