3062 5050
240 445 275 504 80
310 462 403 504 CAPUT
416 462 455 504 1v.
470 476 503 488 ···
518 462 587 512 QUID
599 461 750 503 CICERONIS
763 462 794 502 IN
806 461 883 502 ARTE
897 461 1065 503 RHETORICA
1079 463 1234 504 PROPRIUM
1339 509 1340 512 Ἴ

241 595 427 664 contraius
447 595 544 664 civile
560 597 570 642 ¹
587 595 734 677 dicebat,
752 619 862 687 neque
882 619 923 663 ea
938 619 980 662 ex
995 595 1139 666 Graecis
1155 595 1306 665 lontibus

241 711 433 795 hauriebat,
451 712 500 780 sic
515 711 672 779 facillime
693 711 734 779 de
755 711 948 802 eloquentia
967 735 1101 803 quoque
1121 723 1257 802 poterat
1271 713 1306 780 in

241 838 420 919 utramque
435 838 567 919 partem
583 827 771 919 disputare.
789 831 865 896 Non
880 828 973 895 nulla
985 827 1122 918 quidem
1136 852 1224 919 quae
1238 828 1307 895 iam

241 967 262 1011 a
277 943 421 1014 Graecis
438 944 479 1011 de
495 943 614 1010 eadem
629 968 665 1010 re
680 943 953 1034 disceptantibus
966 945 1101 1035 prolata
1120 955 1218 1013 erant
1230 943 1306 1012 alle·

242 1061 358 1142 rebat;
381 1060 442 1127 sed
457 1059 593 1126 minime
608 1060 639 1127 ei
658 1059 795 1151 scriptis
810 1059 906 1127 libris
922 1083 1008 1151 opus
1029 1069 1103 1128 erat
1122 1084 1197 1129 cum
1217 1061 1306 1128 Aca-

242 1175 391 1243 demicos
422 1175 621 1267 Stoicosque
655 1175 841 1243 familiares
876 1200 956 1244 suos
991 1199 1094 1267 saepe
1127 1176 1305 1268 loquentes

243 1291 433 1359 audivisset
447 1316 509 1360 nee
524 1292 572 1361 ita
587 1291 751 1360 memoria
766 1302 899 1360 careret
913 1295 926 1338 ²
940 1303 977 1360 ut
996 1315 1063 1360 non
1083 1315 1199 1360 eorum
1217 1294 1307 1361 dicta

242 1407 465 1476 meminisset.

288 1527 406 1614 ltaque
428 1548 495 1591 non
515 1534 597 1615 puto
617 1524 775 1594 Ciceroni
795 1524 838 1592 ad
861 1524 1077 1593 scribendum
1099 1524 1244 1615 primum
1265 1524 1306 1591 de

243 1641 389 1709 Oratore
403 1640 527 1708 librum
542 1639 760 1714 ulloGraeco
775 1640 862 1709 libro
878 1665 963 1732 opus
979 1641 1099 1708 luisse.

289 1756 367 1838 Sed,
389 1766 428 1823 ut
446 1755 520 1846 ipse
541 1755 589 1823 ait
611 1783 627 1820 u
648 1757 770 1848 reliqui
793 1756 871 1825 libri
889 1760 1071 1848 τεχνολογίαν
1090 1756 1218 1824 habent
1239 1759 1251 1802 ³
1274 1783 1303 1823 r.

246 1877 284 1941 ln
302 1872 345 1938 iis
364 1872 471 1963 igitur
490 1871 589 1939 facile
610 1873 794 1940 concedam
816 1873 1015 1942 Ciceronem
1035 1873 1205 1964 aliquibus
1227 1871 1307 1940 arti-

244 1990 309 2057 bus
320 2011 420 2054 usum
432 2011 508 2055 esse
519 1988 608 2055 unde
620 1998 805 2078 praecepta
817 1999 983 2070 sumeret3
997 1987 1112 2079 illique
1128 1990 1239 2056 sontes
1251 1988 1307 2079 qui

244 2104 390 2171 fuissent
400 2114 543 2171 conatus
555 2127 630 2170 sum
640 2104 852 2194 investigare
862 2105 887 2170 4.
901 2105 1011 2172 Multa
1025 2114 1139 2171 tamen
1154 2105 1203 2171 ita
1213 2113 1305 2186 notu,

244 2220 292 2287 ita
313 2243 415 2310 saepe
437 2219 637 2288 aCicerone
658 2219 775 2287 audita
795 2231 904 2301 erant,
921 2230 959 2286 ut
974 2219 1075 2288 etiam
1092 2243 1132 2286 ea
1152 2220 1307 2287 memori-

244 2346 309 2418 ter,
330 2335 421 2426 quod
435 2345 556 2425 postea
572 2335 607 2402 in
622 2335 759 2426 Topicis
775 2335 867 2418 lecit,
885 2335 1020 2402 tradere
1035 2335 1196 2426 potuerit.

290 2450 390 2538 Quod
412 2474 495 2518 vero
519 2475 587 2519 non
612 2450 695 2518 nulli
723 2451 886 2541 putarunt
913 2449 1050 2540 aliquod
1077 2450 1228 2518 Philonis
1251 2459 1308 2518 eut

244 2565 404 2634 Antiochi
422 2590 507 2657 opus
523 2589 542 2633 a
558 2566 722 2635 Cicerone
738 2566 773 2633 in
787 2566 888 2634 tertio
904 2565 945 2632 de
967 2566 1113 2634 Oratore
1133 2565 1219 2633 libro
1239 2565 1307 2632 lere

244 2683 386 2751 totidem
400 2682 516 2750 verbis
532 2706 732 2773 expressum
746 2685 771 2766 5,
784 2682 920 2749 minime
930 2681 1004 2748 veri
1020 2681 1130 2749 simile
1147 2669 1304 2749 arbitror.

247 2803 384 2868 Ususne
401 2799 446 2866 sit
460 2798 565 2866 libere
587 2798 707 2867 Cicero
723 2799 795 2866 eius
813 2797 903 2865 modi
918 2821 1019 2888 opere
1039 2818 1082 2847 '—
1100 2797 1190 2889 quod
1205 2796 1308 2864 exsti-

245 2915 330 2982 tisse
343 2938 442 2982 nemo
453 2915 712 2995 demonstravit,
725 2955 768 2964 -
780 2913 1008 3004 sumpseritne
1020 2914 1063 2981 ab
1080 2937 1119 2980 eo
1134 2936 1201 2980 non
1216 2912 1307 2980 nulla

246 3055 332 3122 quae
354 3031 429 3121 ipse
448 3031 585 3121 proprio
606 3054 645 3098 ac
668 3053 729 3097 suo
749 3030 848 3097 modo
871 3029 1066 3120 explicaret,
1089 3053 1198 3119 neque
1220 3027 1308 3096 allir·

246 3147 331 3213 mari
347 3170 455 3236 neque
470 3146 591 3236 negari
606 3156 731 3236 potest.
746 3145 813 3213 Sed
828 3145 979 3236 prolecto
994 3168 1061 3212 noa
1077 3168 1118 3211 ex
1134 3168 1173 3211 eo
1188 3154 1306 3225 totam,

244 3272 282 3330 ut
297 3262 435 3353 quidam
450 3261 671 3343 arbitrantur,
689 3261 929 3329 tractationem
944 3260 1070 3328 hausit.
1090 3261 1309 3328 Proleruntur

282 3444 307 3493 1.
324 3442 410 3502 Mur,
427 3442 453 3500 9,
471 3442 565 3502 22-14,
582 3443 625 3492 30.

282 3523 307 3572 2.
324 3521 463 3573 Memoria
478 3521 645 3573 Ciceronem
659 3520 783 3572 valuisse
796 3519 900 3590 probat
916 3521 1068 3581 Drumann,
1085 3519 1133 3581 VI,
1149 3540 1178 3590 p.
1196 3521 1256 3572 522.

281 3604 307 3653 3.
324 3601 394 3662 Ata,
411 3602 436 3662 4,
454 3602 497 3662 16,
515 3602 540 3652 3.

282 3683 307 3732 4.
326 3681 426 3751 Supra,
444 3699 505 3750 cap.
522 3681 559 3741 11,
577 3680 628 3731 III.

283 3762 308 3813 5.
325 3760 387 3813 Von
408 3760 507 3811 Arnim
532 3760 603 3827 (Dio,
629 3779 657 3830 p.
681 3761 794 3830 99-100)
817 3769 934 3812 conatur
955 3759 1079 3830 probare
1098 3777 1227 3830 magnam
1245 3777 1310 3829 par-

247 3851 303 3894 tem
319 3841 396 3893 tertii
411 3841 446 3892 de
462 3840 584 3892 Oratore
600 3839 667 3892 libri
683 3842 718 3908 (3,
740 3841 783 3901 14,
806 3841 900 3901 55-35,
918 3841 979 3909 143)
995 3857 1059 3892 esse
1076 3858 1109 3892 ex
1127 3857 1183 3892 uno
1203 3841 1310 3892 Graeco

247 3921 388 3991 scriptore
406 3938 588 3990 expressam
610 3921 711 3972 deinde
729 3921 766 3990 (p.
789 3913 850 3989 104)
871 3921 1042 3991 scriptorem
1063 3920 1143 3971 illum
1158 3919 1309 3989 designat:

247 4001 404 4053 Philonem.
423 3999 506 4051 Kroll
521 3999 716 4068 (Rheinisches
732 4003 870 4058 Muscam,
889 4001 923 4051 N.
943 4001 972 4052 F.
991 4000 1093 4060 LVIII,
1110 4000 1189 4059 1903,
1206 4018 1234 4069 p.
1251 3999 1310 4066 554)

248 4081 367 4132 assumit
389 4090 530 4150 tamquam
551 4089 658 4132 certum
676 4097 739 4132 eum
755 4080 904 4132 Ciceronis
924 4080 1017 4132 locum
1034 4079 1118 4132 alicui
1134 4080 1245 4131 Graeco
1260 4079 1311 4131 tri-

247 4161 390 4212 buendum
408 4177 472 4212 esse
486 4180 491 4219 ;
511 4161 561 4212 sed
578 4160 721 4212 contendit
738 4159 918 4220 Antiochum,
935 4178 991 4211 non
1005 4160 1153 4212 Philonem
1169 4168 1311 4210 auctorem

247 4238 502 4292 suisse.'Antiocho
519 4240 582 4308 ipsa
596 4239 702 4290 lumina
717 4239 855 4290 orationis
871 4256 942 4308 quae
957 4240 1031 4309 apud
1047 4239 1215 4291 Ciceronem
1230 4255 1311 4308 repe-

247 4320 360 4371 riuntur
373 4316 511 4373 adscribit
526 4315 622 4386 (ltid,
640 4337 669 4388 p.
687 4318 747 4380 588,
764 4318 894 4380 592-593,
910 4318 981 4388 594).
