3062 5050
484 509 500 583 §
519 512 545 568 5.
568 543 598 551 -—
620 528 823 578 6616166613
843 529 989 570 1131163611
1234 515 1269 572 69

204 658 300 726 cuius
323 661 538 750 grammatici
562 661 650 728 libro
674 662 810 746 hausit;
837 664 1005 754 quaedam
1030 663 1119 731 enim
1139 688 1180 731 ex
1205 689 1268 732 sua

202 775 312 866 ipsius
328 777 573 845 consuetudine
589 778 748 869 repetivit
766 805 773 848 :

241 918 308 981 Nec
327 919 412 983 enim
437 920 578 982 dixerim
600 930 665 983 tam
689 921 837 984 lubenter
861 948 873 978 α
896 942 1020 984 armum
1040 922 1193 985 iudicium
1213 948 1265 984 1...

201 1029 297 1091 quam
321 1009 532 1071 «centuriam
557 1010 681 1072 fabrum
705 1035 718 1066 »
743 1021 775 1072 ct
800 1031 969 1093 «procum
994 1036 1020 1085 »,
1045 1021 1080 1073 ut
1103 1012 1267 1073 censoriae

200 1098 329 1159 tabulae
344 1099 501 1174 locuntur,
514 1099 616 1161 audeo
632 1099 748 1173 dicere,
765 1120 829 1161 non
847 1125 859 1155 «
878 1099 1040 1161 fabrorum
1058 1125 1071 1156 »
1089 1111 1144 1162 aut
1161 1127 1173 1157 «
1191 1122 1267 1184 pro-

201 1207 311 1248 corum
338 1210 380 1260 »3
416 1187 574 1271 planeque
608 1214 620 1244 «
650 1188 785 1250 duorum
817 1189 958 1250 virorum
989 1188 1140 1250 iudicium
1168 1216 1180 1254 11
1214 1200 1268 1252 aut

203 1302 215 1331 a
232 1277 485 1338 triumvirorum
502 1277 686 1360 capitalium
704 1303 717 1334 11
735 1287 790 1339 aut
807 1303 819 1333 «
838 1277 948 1339 decem
962 1278 1104 1339 virorum
1125 1278 1266 1341 stlitibus

200 1364 380 1428 iudicandis
397 1392 410 1422 »
428 1368 499 1428 dico
515 1387 706 1447 numquam.
725 1366 793 1441 Or.⁷
812 1371 860 1440 46,
879 1372 1023 1428 155-156.

241 1454 327 1534 Quid
338 1475 447 1517 verum
459 1455 500 1517 sit
510 1455 678 1538 intelleg03
693 1455 749 1517 sed
760 1455 840 1516 alias
850 1457 896 1516 ita
908 1456 1024 1536 loquor
1034 1463 1069 1516 ut
1079 1475 1266 1518 concessum

199 1553 259 1619 est,
282 1553 317 1606 ut
335 1544 395 1606 hoc
413 1565 502 1627 «pro
522 1544 617 1606 deum
635 1568 648 1600 »
667 1543 736 1605 dico
756 1544 806 1605 vel
823 1571 835 1600 «
854 1565 912 1626 pro
932 1543 1063 1606 deorum
1081 1569 1107 1618 1,
1125 1544 1215 1620 31133,
1233 1554 1268 1607 61

199 1653 332 1696 necesse
361 1642 420 1706 est,
446 1654 518 1695 cum
545 1659 558 1690 «
584 1633 680 1696 trium
705 1633 807 1694 virum
834 1657 860 1708 »‚
887 1654 950 1695 non
977 1659 990 1690 «
1015 1633 1156 1695 virorum
1183 1661 1209 1709 1,
1236 1644 1268 1696 61

201 1749 214 1779 «
232 1722 417 1785 sestertium
435 1747 462 1797 1,
482 1742 678 1784 «nummum
697 1747 723 1797 1,
740 1743 803 1783 666
826 1748 839 1779 «
857 1722 1121 1797 sestertiorum»,
1142 1749 1155 1779 «
1173 1744 1266 1784 num-

199 1832 363 1874 morum...
383 1837 396 1869 »
415 1811 485 1886 Or.,
503 1816 552 1886 46,
571 1817 638 1873 156.

241 1927 254 1957 «
274 1900 483 1984 Scripserunt
500 1927 512 1957 »
530 1921 601 1963 esse
615 1900 722 1963 verius
743 1901 845 1962 sentio
867 1899 923 1962 sed
939 1901 1169 1962 consuetudini
1181 1901 1266 1962 auri-

199 1991 259 2052 bus
275 1988 455 2075 indulgenti
471 1989 618 2052 lubenter
633 1991 803 2071 obsequor.
818 1990 887 2064 Or.,
905 1995 954 2064 47,
973 1995 1040 2052 157.

241 2105 254 2135 «
281 2077 554 2141 Postmeridianas
585 2078 761 2162 quadrigas
787 2104 800 2135 »
829 2099 925 2162 quam
956 2105 969 2135 «
996 2078 1266 2161 postmeridianas

198 2167 409 2251 quadriiugas
427 2193 440 2223 »
459 2168 621 2229 lubentius
637 2167 789 2228 di'scerim.
808 2167 876 2241 On,
894 2172 943 2241 47,
963 2173 1030 2230 157.

236 2256 322 2336 Quin
345 2277 403 2338 ego
424 2258 508 2338 ipse,
531 2277 604 2318 cum
625 2256 739 2318 scirem
760 2256 804 2317 ita
826 2256 964 2318 maiores
983 2257 1108 2318 locutos
1127 2277 1209 2331 esse,
1231 2265 1266 2318 ut

198 2366 357 2428 nusquam
372 2345 434 2406 nisi
449 2345 481 2406 in
495 2346 598 2407 vocali
613 2345 808 2427 aspiratione
828 2354 1004 2419 uterentur,
1027 2346 1186 2426 loquebar
1205 2347 1261 2422 sic,

198 2443 232 2496 ut
249 2461 261 2490 «
280 2433 408 2516 pulcros
430 2459 456 2508 1,
481 2460 494 2490 «
513 2434 653 2518 Cetegos
676 2459 702 2508 1,
728 2460 740 2490 «
762 2433 921 2516 triumpos
942 2460 967 2509 1,
993 2433 1262 2518 «Cartaginem»

198 2525 364 2601 dicerem
395 2523 578 2606 aliquando,
614 2523 710 2606 idque
743 2543 826 2597 sero,
857 2523 999 2585 convicio
1033 2523 1158 2584 aurium
1192 2544 1264 2586 cum

198 2621 322 2674 extorta
338 2612 415 2673 mihi
429 2613 548 2674 veritas
563 2621 659 2686 esset,
679 2633 773 2673 usum
790 2612 946 2693 loquendi
956 2612 1084 2694 populo
1105 2615 1261 2692 concessi,

198 2702 366 2763 scientiam
382 2701 460 2762 mihi
476 2701 647 2763 reservavi.
666 2701 735 2776 Or.,
752 2706 802 2776 48,
822 2707 889 2763 160.

243 2844 405 2912 Libenter
440 2853 555 2911 tamen
588 2843 790 2911 crediderim
821 2868 897 2912 eum
930 2868 997 2912 non
1025 2868 1067 2911 ex
1096 2845 1168 2911 solo
1197 2869 1264 2912 usu

198 2961 352 3050 exempla
377 2960 567 3051 sumpsisse
600 2959 660 3027 sed
687 2984 728 3027 ex
758 2960 871 3051 aliquo
899 2960 986 3027 libro
1008 2962 1064 3028 vel
1093 2961 1263 3052 aliquibus

197 3075 305 3143 libris.
320 3075 366 3143 Α1
381 3075 531 3166 quibus?
547 3075 650 3143 Pauci
666 3086 746 3156 sunt
761 3075 802 3142 de
818 3076 942 3167 quibus
959 3076 1133 3167 ambigere
1149 3077 1261 3144 liceat.

197 3191 315 3260 Aelius
332 3191 429 3274 81116,
442 3192 688 3282 grammaticus
704 3216 787 3259 sane
804 3192 1029 3276 clarissimuS,
1047 3217 1113 3261 non
1127 3193 1264 3261 videtur

196 3309 265 3375 ulla
285 3308 414 3399 scripta
435 3307 616 3398 reliquisse
638 3309 660 3374 ¹.
683 3309 852 3376 Auctores
873 3308 993 3377 Cicero
1012 3309 1123 3399 potuit
1137 3309 1262 3377 habere

196 3427 387 3493 Varronem
411 3433 445 3491 et
465 3425 663 3493 Caesarem.
688 3424 845 3492 Nondum
870 3424 1006 3515 quidem
1031 3425 1196 3493 Varronis
1221 3426 1262 3492 de

196 3539 314 3631 lingua
330 3539 453 3607 Latina
467 3539 573 3607 libros
591 3550 768 3630 acceperat
788 3563 863 3607 cum
879 3542 1061 3609 Oratorem
1077 3540 1236 3631 scripsit2
1253 3567 1260 3622 ;

197 3656 257 3723 sed
273 3655 426 3723 eiusdem
448 3655 523 3723 «de
544 3655 764 3724 similitudine
779 3656 962 3723 verborum
977 3660 989 3702 3
1007 3683 1023 3720 11
1041 3666 1176 3747 poterat
1195 3657 1262 3724 iam

196 3771 336 3862 legisse.
364 3771 527 3840 Caesaris
552 3796 685 3862 quoque
710 3772 752 3838 de
781 3772 941 3862 analogia
967 3772 1044 3839 libri
1069 3772 1099 3840 ci
1124 3784 1262 3863 praesto

197 3889 335 3955 613614.
364 3891 402 3954 ln
423 3897 567 3978 utroque
591 3911 693 3978 opere
718 3889 824 3956 multa
850 3888 1005 3978 exempla
1030 3888 1208 3980 analogiae
1229 3899 1263 3956 et

197 4003 385 4071 anomaliae
400 4002 669 4094 reperiebantur.

232 4176 257 4225 1.
274 4172 373 4234 Acad.,
390 4176 416 4235 l,
433 4175 458 4235 2,
476 4176 501 4226 8.

232 4255 257 4305 2.
274 4253 344 4314 Aa..
362 4254 404 4315 13,
422 4255 465 4316 12,
483 4255 515 4314 3;
533 4254 568 4306 61.
586 4255 674 4316 Fam,
690 4257 715 4316 6,
734 4256 758 4316 7,
777 4256 811 4314 4;
830 4254 947 4317 Schanz,
965 4253 999 4317 1¹,
1016 4255 1029 4328 ἓ
1046 4257 1106 4317 192,
1123 4275 1151 4327 p.
1170 4257 1230 4309 375.

232 4335 257 4385 3.
275 4334 319 4385 Cs.
338 4333 454 4394 Schanz,
470 4331 557 4392 leid..
575 4353 603 4405 p.
619 4336 680 4387 376.

233 4415 258 4466 4.
275 4414 368 4476 Brut,
386 4415 428 4477 72,
444 4415 513 4476 253;
529 4415 564 4466 cl.
580 4415 666 4476 Gell,
685 4416 727 4477 19,
745 4417 769 4478 8,
785 4417 814 4476 3;
834 4415 950 4478 Schanz,
968 4415 1002 4479 1²,
1020 4416 1108 4488 5120,
1126 4437 1154 4488 p.
1172 4417 1232 4469 208.
