3062 5050
270 449 322 506 106
375 465 468 506 curor
482 466 509 505 v.
525 479 557 488 -
570 464 723 515 culinuus
737 465 840 506 cronno
856 465 1040 506 snurnurmu
1056 465 1226 507 uurlvunrr

269 597 366 669 libris
382 598 423 666 de
440 599 585 668 Oratore
601 608 830 688 expresserat,
849 621 924 666 eam
939 621 1124 689 numquam
1139 598 1275 679 abiecit,
1294 623 1336 666 ea

270 713 369 804 quasi
379 737 497 781 norma
509 712 552 780 ad
564 713 799 781 diiudicandos
815 724 969 782 oratores
982 714 1017 780 in
1032 717 1233 782 Brutousus
1245 725 1298 783 est
1310 717 1333 798 ¹,

270 852 346 896 eam
360 828 512 897 breviter
525 829 560 896 in
576 831 722 898 Oratore
737 830 749 874 ²
765 829 992 897 adumbravit.

270 1096 284 1169 5
308 1089 340 1154 8.
366 1127 410 1137 -
434 1089 532 1156 Alia
556 1091 784 1174 quaedam,
808 1091 854 1157 in
883 1091 1042 1175 quibus
1070 1091 1335 1159 rhetoricam

314 1206 370 1273 ad
399 1206 466 1273 sui
495 1205 825 1274 similitudinem
854 1207 1021 1288 direxit,
1048 1212 1124 1274 aut
1151 1207 1207 1274 ad
1234 1208 1337 1274 Atti·

315 1338 468 1389 corum
493 1321 905 1396 dissimilitudinem.

316 1523 464 1591 Maxime
478 1524 593 1591 valere
609 1523 643 1590 in
658 1524 811 1592 oratione
826 1525 967 1592 facetias
983 1525 1105 1594 Cicero
1125 1525 1159 1592 in
1178 1524 1274 1593 libris
1295 1524 1336 1592 de

273 1641 419 1708 Oratore
435 1639 580 1730 primum
597 1640 819 1722 commonuit;
833 1641 958 1708 nullam
970 1641 1011 1708 de
1027 1665 1067 1708 ea
1082 1665 1118 1708 re
1133 1641 1337 1708 mentionem

270 1755 305 1822 in
321 1755 418 1823 libris
434 1755 475 1822 de
493 1756 690 1823 Inventione
704 1757 843 1839 fecerat,
856 1781 1062 1848 quamquam
1077 1781 1153 1824 eam
1163 1766 1283 1847 postea
1295 1756 1337 1823 ad

272 1871 502 1939 inventionem
523 1872 693 1961 pertinere
712 1872 887 1940 iudicavit.
910 1876 980 1941 Nec
1000 1872 1142 1940 mirum:
1163 1872 1197 1939 in
1217 1871 1336 1962 primis

273 1987 363 2053 enim
380 1986 570 2055 Rhetoricis
584 1987 656 2054 suis
670 1987 828 2079 volgaria
843 1998 1025 2079 praecepta
1041 1987 1288 2078 descripseram
1300 1997 1338 2054 ut

270 2125 353 2169 vero
376 2103 551 2194 proprium
579 2103 741 2171 iudicium
769 2104 810 2170 de
837 2104 1031 2195 eloquentia
1056 2104 1182 2172 hahere
1213 2103 1335 2193 coepit,

271 2227 435 2307 quantum
458 2219 613 2285 valerent
632 2217 666 2284 in
689 2217 831 2287 dicendo
856 2218 921 2286 ioci
946 2218 1043 2286 facile
1069 2218 1335 2300 animadvertit;

272 2356 414 2424 cumque
430 2357 467 2400 se
484 2333 615 2402 salibus
631 2344 665 2402 et
679 2335 793 2426 lepore
810 2334 973 2403 Romanis
988 2335 1145 2403 omnibus
1160 2346 1337 2425 praestare

271 2449 426 2532 sentiret,
467 2449 563 2517 facile
601 2448 635 2516 id
669 2449 792 2516 summi
824 2450 971 2517 oratoris
1005 2474 1081 2518 esse
1115 2449 1335 2518 existimavit.

273 2568 404 2656 ltaque,
421 2589 496 2632 cum
516 2565 622 2633 libros
639 2565 680 2632 de
696 2568 841 2635 Oratore
859 2566 1009 2657 scripsit,
1027 2567 1132 2635 multa
1148 2565 1190 2634 de
1205 2566 1337 2634 facetiis

270 2681 475 2771 interposuit
500 2684 524 2762 ³,
555 2681 661 2749 multa
689 2681 791 2750 etiam
824 2681 858 2748 in
890 2686 997 2750 Bruto
1023 2683 1046 2765 4,
1079 2705 1145 2750 non
1180 2681 1273 2749 nulla
1305 2681 1338 2748 in

272 2799 419 2866 Oratore
434 2799 458 2863 ⁵.

316 2912 404 3000 Quia
420 2921 533 2979 autem
550 2935 616 2979 non
632 2912 745 2980 minus
760 2914 1066 3004 permovendorum
1083 2914 1271 2982 animorum
1288 2915 1338 2979 la-

272 3028 397 3096 cultate
413 3051 514 3118 quam
529 3027 663 3095 iocandi
679 3027 866 3096 festivitate
882 3029 1081 3112 excellebat,
1103 3029 1186 3096 illud
1206 3052 1338 3120 quoque

273 3143 339 3210 sihi
353 3143 526 3233 persuasit
542 3143 685 3210 maxime
707 3139 960 3212 commovendis
980 3145 1101 3212 animis
1122 3169 1208 3235 opus
1226 3155 1339 3212 orato-

273 3259 360 3325 rium
379 3259 464 3325 lieri.
487 3259 587 3345 Quod
606 3258 751 3325 inlibris
768 3259 809 3326 de
827 3260 1024 3350 Inventione
1040 3260 1175 3327 minime
1193 3261 1339 3327 affirma·

271 3384 369 3441 verat
397 3377 422 3457 ⁶,
451 3373 486 3440 in
516 3373 734 3441 Divinatione
763 3397 830 3441 non
854 3377 998 3444 obscure
1024 3375 1232 3466 significavit
1255 3378 1280 3460 ⁷,
1306 3375 1340 3442 in

309 3609 333 3658 1.
354 3607 446 3669 Brut,
469 3607 511 3668 43,
533 3607 602 3666 161,
627 3607 669 3667 45,
694 3609 767 3666 167;
792 3606 834 3668 59,
860 3605 928 3663 214;
950 3605 992 3664 67,
1018 3604 1078 3656 236.
1105 3605 1174 3663 237;
1200 3605 1242 3666 70,
1266 3605 1334 3664 247;

272 3688 316 3748 93,
334 3687 394 3737 322.

309 3768 332 3817 2.
356 3767 417 3826 On,
436 3767 478 3824 34,
497 3767 627 3817 119-120.

308 3847 333 3898 3.
356 3847 397 3898 De
414 3847 476 3906 Or.,
495 3848 519 3906 1,
534 3847 560 3906 5,
578 3848 609 3899 17
624 3865 629 3904 ;
647 3847 671 3907 2,
687 3847 730 3906 54,
746 3847 858 3906 216-71,
877 3846 937 3896 289.

309 3929 333 3977 4.
355 3927 447 3987 Brut,
463 3926 506 3987 34,
524 3927 574 3977 128
588 3945 593 3986 ;
609 3927 651 3987 38,
670 3927 720 3977 143
736 3945 741 3986 ;
759 3926 885 3988 45,158;
902 3925 944 3985 44,
963 3926 1029 3984 164,
1048 3924 1090 3986 33,
1109 3925 1179 3984 322,
1197 3933 1250 3976 etc.

308 4008 334 4058 5.
357 4007 419 4066 Or.,
438 4007 480 4066 26,
498 4007 592 4058 87-90.

308 4087 333 4137 6.
355 4086 561 4155 Indignationis
570 4086 741 4157 quindecim,
752 4085 965 4157 conquestionis
976 4085 1100 4138 sedecim
1109 4085 1188 4137 locos
1197 4094 1342 4137 enumerat

275 4167 354 4235 (Ina,
372 4168 396 4227 1,
414 4166 457 4226 53,
475 4166 587 4227 100-56,
605 4166 684 4238 109);
702 4167 816 4219 minime
836 4183 903 4218 vero
921 4165 960 4217 ait
977 4165 1161 4235 permovendi
1180 4165 1341 4217 facultatem

275 4246 379 4298 ceteris
394 4255 550 4315 praestare.

310 4327 334 4378 7.
358 4325 420 4377 Div.
438 4326 532 4388 Caco..
550 4326 592 4387 12,
611 4326 653 4378 38.
