3086 5040
293 487 328 542 12
363 502 456 544 creor
466 504 485 543 1.
499 517 531 527 -
542 502 650 553 cunum
667 502 768 542 aarum
785 502 975 543 nnnronrcmv
989 503 1021 542 m.
1034 503 1156 544 ruamus
1168 503 1291 544 asenam

293 646 458 728 quantum
486 645 681 727 praestaret
712 635 881 705 oratoriae
913 637 1124 704 Graecorum
1156 635 1363 704 institutioni

295 757 447 820 Romana
470 752 637 820 educatio.
663 753 760 839 Quae
780 752 1017 842 interpretatio
1042 753 1190 820 fortasse
1215 754 1363 820 tenenda

294 878 398 949 esset,
412 868 478 935 nisi
494 868 725 958 reperirentur
740 891 875 959 quoque
890 868 946 934 alii
960 867 1037 951 loci,
1051 867 1085 935 in
1101 867 1225 959 quibus
1241 868 1362 937 Cicero

294 1008 331 1051 se
348 983 492 1053 Graecis
512 1009 579 1052 non
601 983 791 1067 adversari,
810 994 868 1051 aut
888 984 991 1051 etiam
1008 986 1220 1054 Graecorum
1236 983 1361 1051 doctri·

293 1123 372 1166 nam
387 1100 590 1168 rhetoricam
607 1100 726 1167 Latine
743 1099 879 1168 tradere
895 1110 1012 1190 aperte
1028 1099 1202 1190 significat
1221 1126 1227 1167 :

332 1241 409 1305 Non
424 1264 488 1324 quo
503 1243 564 1303 illa
580 1254 786 1304 contemnam
798 1265 883 1324 quae
895 1241 1018 1304 Graeci
1027 1242 1159 1304 dicendi
1171 1243 1323 1322 artifices
1332 1253 1364 1302 et

293 1331 442 1392 doctores
458 1332 665 1414 reliquerunt,
684 1331 740 1393 sed
756 1353 852 1414 quom
874 1332 927 1393 illa
946 1341 1078 1414 pateant
1097 1332 1129 1392 in
1146 1340 1362 1414 promptuque

294 1420 358 1480 sint
383 1420 542 1494 omnibus
567 1441 671 1503 neque
695 1442 733 1482 ea
757 1421 1021 1503 interpretatione
1046 1440 1117 1481 mea
1140 1429 1196 1481 aut
1219 1421 1362 1481 ornatius

293 1509 445 1592 explicari
465 1519 519 1570 aut
538 1508 667 1592 planius
687 1510 823 1592 exprimi
844 1510 979 1593 possint,
1002 1509 1094 1570 dabis
1121 1510 1203 1570 hanc
1222 1509 1360 1583 veniam,

293 1598 336 1658 mi
351 1597 486 1659 frater...
504 1597 552 1659 De
568 1597 637 1672 On,
658 1604 684 1672 1,
702 1604 731 1672 6,
749 1603 798 1660 23.

336 1686 478 1748 Crassus
493 1687 572 1760 heri,
590 1708 686 1769 quom
702 1707 769 1762 vos,
789 1687 901 1750 Catule
917 1697 948 1749 et
964 1687 1094 1761 Caesar,
1112 1708 1175 1748 non
1191 1686 1360 1762 adessetis‚

290 1777 403 1857 posuit
418 1775 556 1837 breviter
571 1776 603 1836 in
619 1777 696 1838 artis
712 1776 938 1838 distributione
953 1776 1040 1836 idem
1056 1777 1146 1857 quod
1160 1775 1284 1838 Graeci
1296 1775 1362 1858 ple·

293 1865 383 1947 rique
400 1874 586 1946 posuerunt.
604 1865 653 1926 De
669 1864 737 1940 On,
755 1871 784 1939 2,
804 1870 851 1938 10,
869 1870 918 1926 41.

332 1952 403 2014 Non
429 1973 510 2027 sum,
533 1954 646 2036 inquit,
669 1954 807 2027 nescius,
832 1954 996 2026 Scaevola,
1025 1953 1086 2015 ista
1110 1955 1195 2015 inter·
1216 1953 1363 2016 Graecos

293 2042 355 2104 dici
371 2052 402 2104 et
417 2035 590 2125 disceptari
606 2043 720 2104 solere.
739 2042 786 2104 De
803 2043 872 2116 Or..
893 2050 919 2116 1,
940 2049 986 2115 11,
1005 2047 1054 2104 15.

333 2130 456 2193 Haec...
469 2131 509 2192 ab
521 2131 571 2192 his
582 2132 785 2214 philosophis
801 2153 881 2214 quos
897 2141 931 2194 tu
947 2132 1085 2194 maxime
1100 2131 1220 2216 diligis,
1236 2132 1359 2207 Catule,

293 2220 480 2281 dictasunt.
499 2219 546 2280 De
563 2220 632 2293 Or.‚
650 2225 679 2295 3,
696 2226 746 2295 49,
766 2224 833 2282 187.

333 2307 382 2369 Tu
396 2329 482 2382 vero,
500 2309 604 2392 inquit
620 2308 765 2384 Catulus,
783 2310 943 2392 collegisti
959 2311 1066 2372 omnia
1086 2310 1130 2372 ita
1145 2310 1309 2385 divinitus
1327 2321 1363 2373 ut

292 2419 356 2460 non
376 2418 395 2458 a
416 2397 553 2460 Graecis
572 2398 750 2480 sumpsisse
771 2399 827 2460 sed
848 2419 902 2460 ecs
923 2400 1012 2482 ipsos
1031 2401 1110 2462 haec
1132 2398 1247 2461 dooere
1265 2421 1361 2483 posse

292 2487 433 2548 videare.
451 2486 499 2548 De
516 2486 584 2560 Or.‚
602 2492 631 2561 3,
649 2493 698 2562 61,
716 2493 785 2549 228.

322 2745 336 2817 5
360 2739 392 2802 5.
419 2777 463 2785 -
488 2739 600 2818 Quid
626 2739 779 2806 Cicero
803 2758 830 2807 a
853 2738 1076 2807 rhetorica
1099 2740 1333 2822 abiudicet,

643 2855 746 2938 quid
771 2857 810 2944 el
835 2856 1010 2923 tribuat.

337 3049 424 3116 Cum
435 3047 541 3138 igitur
552 3071 661 3138 neque
673 3057 791 3116 contra
804 3047 947 3115 Latinos
959 3048 1116 3116 doctores
1128 3072 1189 3138 pro
1201 3048 1359 3129 Graecis,

293 3187 401 3253 neque
418 3174 535 3230 contra
548 3167 701 3233 Graecos
712 3187 773 3254 pro
790 3163 921 3230 Latinis
936 3164 1015 3231 libri
1026 3166 1067 3232 de
1079 3166 1225 3233 Oratore
1242 3163 1361 3254 scripti

293 3279 373 3360 sint,
396 3278 640 3369 exquirendum
661 3292 714 3346 est
733 3303 819 3370 quos
839 3280 979 3375 tandem
1001 3281 1155 3347 rhetores
1176 3290 1235 3347 aut
1254 3280 1361 3371 quod·

292 3419 370 3462 nam
391 3419 501 3485 genus
522 3395 605 3462 artis
627 3395 814 3463 rhetoricae
836 3395 957 3465 Cicero
972 3396 1232 3487 vituperaverit.
1252 3396 1360 3465 Cuius

293 3509 504 3601 quaestionis
530 3521 658 3602 quanta
683 3511 727 3578 sit
751 3511 932 3578 difficultas
955 3536 1021 3579 non
1043 3511 1188 3603 ignor03
1214 3512 1362 3580 arbitror

292 3637 406 3693 tamen
432 3627 557 3708 omnia,
584 3650 671 3716 quae
698 3627 843 3694 maxime
872 3627 1021 3694 obscura
1050 3638 1083 3695 et
1109 3628 1301 3718 pugnantia
1327 3628 1361 3694 in

292 3742 390 3809 libris
410 3741 451 3808 de
467 3744 612 3810 Oratore
633 3743 858 3833 reperiantur,
882 3743 971 3810 inter
986 3767 1022 3810 se
1039 3744 1194 3834 componi
1214 3752 1247 3809 et
1262 3743 1361 3834 quasi

293 3857 526 3948 coagmentari
542 3881 657 3947 posse,
676 3858 705 3924 si
722 3858 871 3949 singula,
888 3883 928 3925 ex
943 3859 986 3925 iis
1003 3883 1088 3949 quae
1105 3859 1226 3927 Cicero
1243 3869 1361 3948 aperte

293 3973 492 4053 declaravit,
509 3972 735 4040 illustrentur.

292 4195 403 4248 sacrifie'
422 4215 426 4246 :
444 4196 512 4248 c’est
528 4196 554 4248 le
569 4199 669 4249 maitre
685 4215 750 4266 grec
767 4208 794 4250 et
810 4199 852 4251 les
868 4199 954 4251 livres
965 4199 1034 4268 qu'il
1045 4218 1060 4249 a
1076 4199 1215 4268 inspires:
1235 4199 1361 4250 Crassus
1401 4223 1404 4227 ·

292 4286 320 4329 et
335 4275 454 4328 Antoine
470 4285 497 4328 et
515 4286 579 4328 tous
597 4294 631 4329 ne
646 4288 758 4330 cessent
773 4278 808 4330 de
828 4279 853 4330 le
875 4278 982 4330 railler.
1001 4299 1013 4327 n
1038 4279 1179 4348 (Ciceron.
1203 4281 1361 4332 Morcearex

295 4355 444 4415 cloiols...
461 4376 489 4427 p.
506 4375 564 4419 11111,
580 4357 615 4409 cl.
632 4377 660 4428 p.
678 4359 781 4429 xr-xn).
