3062 5050
476 476 491 555 ἓ
511 484 537 540 5.
559 515 592 523 —
612 501 681 550 oum
701 499 816 542 minus
836 499 982 542 ascusam
1228 479 1262 543 67

195 633 380 701 doctrinal
407 623 581 700 rhetorum
610 634 770 702 videntur
800 635 937 718 hausta,
967 635 1040 701 veri
1071 635 1180 702 simile
1210 647 1263 703 est

193 749 320 816 Antoni
336 749 451 817 libello
472 773 549 817 esse
569 750 772 832 tribuenda,
794 751 857 817 hoc
877 751 1080 841 praesertim
1100 775 1263 842 praecep-

192 875 277 947 tum,
299 865 389 956 quod
409 889 594 956 numquam
614 867 648 932 in
672 867 739 933 ullo
764 891 805 933 ex
830 867 902 933 suis
924 866 1102 934 rhetoricis
1126 867 1262 958 scriptis

194 981 315 1050 Cicero
348 981 460 1066 dedit,
496 982 562 1048 nisi
596 983 718 1066 semel,
756 983 814 1050 ubi
848 982 1034 1050 Antonium
1067 985 1263 1074 loquentem

193 1097 298 1164 fecit:

232 1239 276 1301 Ut
291 1240 462 1322 aliquando
477 1239 517 1301 ad
533 1261 647 1302 causas
664 1240 860 1302 deducamus
878 1240 966 1301 illum
983 1261 1076 1323 quem
1095 1242 1262 1304 constitui-

194 1349 266 1389 mus
285 1338 317 1390 et
337 1349 391 1390 eas
412 1328 552 1410 quidem,
574 1329 606 1390 in
629 1329 745 1410 quibus
767 1328 948 1410 plusculum
965 1330 1086 1413 negotii
1102 1340 1160 1404 est,
1179 1330 1262 1391 iudi-

193 1417 1260 1500 ciorumatquelitium,—riseritaliquissortassehocpraeceptum,

194 1515 243 1568 est
267 1506 352 1567 enim
381 1526 444 1567 non
474 1513 538 1566 tam
566 1515 694 1566 acutum
723 1527 818 1588 quam
848 1507 1064 1567 necessarium
1095 1508 1262 1590 magisque

195 1595 362 1656 monitoris
378 1615 442 1655 non
457 1594 536 1656 latui
556 1616 651 1678 quarn
673 1594 788 1656 eruditi
810 1595 956 1679 magistri
978 1633 1017 1640 —
1039 1617 1045 1656 :
1068 1596 1128 1657 hoc
1147 1597 1175 1656 ei
1195 1597 1262 1678 pri-

194 1702 281 1743 mum
297 1683 543 1764 praecipiemus
562 1702 779 1765 quascumque
795 1705 915 1743 cousus
927 1684 988 1745 erit
1003 1693 1207 1758 tractaturus
1225 1693 1261 1745 ut

194 1794 251 1832 eas
267 1773 441 1854 diligenter
449 1775 649 1854 penitusque
664 1783 849 1854 cognoscat.
867 1771 934 1834 Hoc
950 1773 982 1833 in
1003 1772 1077 1834 ludo
1093 1793 1156 1833 non
1172 1794 1262 1854 prae·

194 1861 321 1943 cipitur.
345 1861 394 1922 De
416 1861 484 1935 Or.,
507 1866 535 1920 2.
558 1865 606 1935 24,
629 1867 678 1922 99.

233 1949 396 2031 Equidem
420 1950 509 2010 soleo
536 1948 612 2011 dare
634 1969 765 2031 operam
790 1959 825 2011 ut
848 1948 887 2010 de
912 1971 970 2012 sua
995 1951 1129 2034 quisque
1156 1971 1190 2012 re
1212 1972 1262 2013 me

194 2039 264 2120 ipse
280 2038 403 2100 doceat.
421 2037 469 2100 Dc
484 2039 554 2112 Or.,
572 2043 601 2113 2,
619 2043 668 2112 24,
688 2043 755 2099 102.

240 2181 317 2249 Alia
333 2181 479 2272 denique
500 2205 541 2247 ex
556 2180 684 2249 Antoni
703 2204 770 2247 non
786 2181 901 2247 libello
922 2181 983 2248 sed
1003 2205 1067 2248 usu
1090 2181 1259 2272 repetivit.

197 2299 362 2387 Exempla
377 2298 466 2365 enim
482 2322 523 2364 ex
543 2297 616 2363 eius
633 2296 844 2364 orationibus
864 2321 931 2363 non
951 2297 1042 2364 nulla
1061 2297 1215 2364 laudavit
1235 2300 1259 2363 2.

196 2417 313 2504 Neque
336 2424 470 2487 tantum
500 2438 540 2480 ex
561 2413 688 2480 Antoni
712 2413 773 2479 sed
795 2437 836 2479 ex
861 2411 981 2480 Crassi
1005 2423 1262 2503 ceterorumque

196 2553 282 2621 quos
298 2531 531 2620 colloquentes
552 2528 633 2594 lacit
651 2531 685 2610 33
708 2551 766 2594 eos
786 2528 860 2616 ipse
876 2528 1022 2608 viderat,
1041 2529 1081 2595 de
1099 2528 1148 2595 eis
1164 2529 1262 2618 plura

197 2646 352 2713 audierat
372 2646 397 2728 4,
418 2645 622 2735 praesertim
643 2668 662 2710 a
683 2645 723 2712 C.
746 2644 918 2711 Aculeone
941 2654 974 2710 et
994 2647 1033 2710 L.
1052 2643 1216 2712 Cicerone
1236 2646 1259 2709 5.

197 2763 290 2829 Solet
309 2771 423 2828 autem
444 2760 479 2825 in
502 2783 705 2850 unoquoque
729 2782 768 2824 ea
792 2758 933 2826 laudare
959 2758 1082 2849 quibus
1106 2783 1182 2826 eum
1209 2758 1262 2824 sui

198 2877 341 2944 similem
365 2885 474 2968 putat,
504 2875 538 2940 in
567 2874 715 2942 Antonio
737 2873 997 2964 dispositionem
1022 2877 1046 2955 ⁶,
1072 2873 1106 2940 in
1132 2875 1261 2942 Crasso

198 2991 421 3059 elocutionem
453 2993 477 3074 ⁷,
513 2991 547 3057 in
581 2992 731 3059 Caesare
765 2989 907 3057 facetias
940 2992 963 3055 ⁸.
996 2989 1095 3056 Initio
1129 2988 1262 3055 dicendi

198 3109 348 3176 Crassus
368 3108 646 3174 commovebatur
664 3105 920 3186 vehementius;
943 3105 977 3171 id
993 3105 1113 3173 Cicero
1136 3126 1262 3170 memo-

198 3331 227 3364 se
252 3331 347 3364 coram
371 3311 493 3364 Antonio
515 3310 729 3381 disputantibus
754 3320 904 3362 narrantur
926 3310 979 3377 (De
1002 3310 1063 3370 Or.,
1091 3312 1115 3370 1,
1142 3311 1185 3371 18,
1213 3311 1262 3361 82-

199 3393 240 3453 20,
261 3393 316 3458 931.

233 3475 257 3523 1.
280 3473 326 3524 Sic
346 3472 420 3524 enirn
442 3472 480 3523 ait
502 3470 641 3522 Antonius
664 3489 669 3521 ε
698 3490 709 3518 n
731 3471 829 3539 Neque
855 3469 927 3520 enim
950 3487 1021 3520 nunc
1043 3469 1072 3520 id
1097 3469 1208 3537 agimus
1232 3478 1263 3519 ut

201 3573 212 3601 n
228 3563 317 3605 artem
343 3553 467 3622 aliquam
490 3551 602 3603 dicendi
628 3550 811 3620 explicemus,
837 3550 886 3602 sed
913 3558 944 3599 ut
968 3549 1144 3600 doctissimis
1169 3547 1262 3599 homi-

201 3632 312 3706 «nibus
331 3651 401 3685 usus
423 3633 515 3684 nostri
535 3631 616 3702 quasi
637 3630 772 3701 quaedam
799 3629 905 3681 monita
927 3630 1080 3680 tradamus.
1104 3648 1116 3677 n
1138 3628 1179 3680 De
1197 3628 1260 3689 Or.,

198 3715 223 3774 2,
244 3715 287 3775 41,
310 3715 368 3765 175.

233 3795 258 3845 2.
276 3794 317 3846 De
331 3794 394 3854 Or.,
412 3794 436 3854 2,
452 3793 495 3853 47,
512 3793 647 3850 194-196;
665 3791 689 3851 2,
706 3791 748 3850 48,
766 3789 877 3849 198-50,
895 3789 956 3839 204,

234 3875 259 3925 3.
276 3873 394 3934 DeOr.,
411 3875 436 3932 1,
454 3874 497 3933 39,
515 3873 582 3930 18ος
603 3873 627 3930 1,
649 3871 691 3930 52,
712 3872 778 3928 225;
801 3871 826 3930 2,
848 3870 891 3929 11,
914 3869 965 3927 45,
985 3869 1009 3928 2,
1031 3869 1073 3928 45,
1095 3869 1165 3928 188;
1186 3868 1211 3928 3,
1235 3869 1260 3928 1,

199 3954 257 4014 4-2,
274 3954 348 4023 51ι1ε
362 3952 489 4020 Crasso),
506 3953 531 4012 2,
549 3953 592 4012 47,
610 3952 659 4002 197
680 3951 724 4020 lde
741 3949 888 4019 Sulpicio),
906 3950 931 4009 3,
949 3949 992 4009 38,
1010 3949 1061 3999 153
1078 3949 1122 4019 (de
1138 3947 1260 4018 Catulo).

234 4034 259 4084 4.
277 4033 321 4085 Cf.
337 4034 362 4084 J.
378 4031 498 4092 Martha,
515 4033 630 4088 Brutus,
649 4049 677 4100 p.
695 4048 810 4081 nir-mn.

233 4114 259 4164 5.
276 4112 396 4173 neor,
414 4113 439 4173 2,
457 4114 482 4172 1,
500 4113 525 4162 2.

233 4194 259 4248 6.
276 4193 318 4245 De
334 4193 396 4253 Or.,
414 4193 439 4253 2,
458 4193 500 4252 42,
518 4191 579 4246 179.

235 4274 259 4324 7.
277 4273 318 4324 De
334 4273 396 4333 Or.,
414 4273 439 4332 2,
457 4272 500 4331 28,
519 4272 579 4321 122.

234 4354 259 4404 8.
277 4352 318 4404 De
335 4351 397 4414 Or.,
415 4352 439 4412 2,
457 4352 499 4412 54,
517 4352 578 4402 216.
