3062 5050
280 451 315 510 94
381 468 474 510 CAPUT
490 471 517 510 V.
535 483 567 494 ¹·
584 469 737 519 Quatenus
751 470 854 511 CICERO
870 469 1055 510 SENTENTIAM
1072 470 1245 511 mutaveram

442 771 455 844 5
480 766 512 830 2.
538 803 582 814 -—
607 767 756 833 Status
780 770 822 833 et
845 743 1185 834 controversiae.

326 959 510 1026 Contendit
519 958 574 1025 vir
584 957 804 1026 doctissimus
818 959 880 1026 Ae.
895 957 1044 1026 Thomas
1059 957 1260 1028 Ciceronem
1273 967 1352 1048 post

281 1073 427 1164 scriptos
444 1074 485 1141 de
503 1074 701 1142 inventione
716 1073 822 1142 libros
837 1075 872 1141 in
888 1074 980 1141 nullo
991 1075 1058 1141 iam
1069 1098 1170 1165 opere
1182 1073 1351 1141 rhetorico

281 1189 322 1256 de
333 1190 634 1258 constitutionibus
646 1191 752 1258 verba
768 1190 892 1258 fecisse
906 1192 929 1256 ¹.
944 1192 1055 1278 Quam
1071 1190 1276 1258 sententiam
1292 1214 1352 1257 cur

281 1329 346 1397 ego
366 1329 433 1373 non
453 1317 588 1374 teneam
609 1306 711 1374 exiis
733 1305 934 1394 Quintiliani
955 1305 1111 1398 Tullique
1133 1306 1242 1396 ipsius
1266 1306 1351 1373 locis

280 1422 460 1513 apparebit
475 1445 561 1513 quos
577 1445 653 1490 mox
669 1421 809 1489 alierum
824 1422 1016 1513 quibusque
1028 1422 1185 1490 diversas
1200 1421 1350 1490 rationes

281 1548 432 1606 statuum
447 1537 619 1607 illustrare
640 1538 789 1606 conabor
803 1539 827 1604 l.
846 1538 1099 1606 Animadvertit
1119 1537 1350 1626 Quintilianus

282 1654 483 1724 Ciceronem
511 1655 545 1722 in
578 1655 724 1723 Oratore
758 1654 869 1721 tribus
903 1654 1052 1722 statibus
1088 1656 1153 1742 (vel
1185 1653 1351 1721 constitu-

280 1769 443 1859 tionibus)
458 1793 558 1838 usum
573 1794 664 1854 esse,
677 1793 753 1837 cum
768 1770 803 1836 in
818 1769 915 1837 libris
926 1771 967 1838 de
981 1770 1179 1838 Inventione
1191 1780 1351 1862 quattuor

281 1886 468 1978 posuisset.

321 2029 349 2090 Λ
376 2029 526 2112 plurimis
554 2037 619 2091 tres
648 2038 723 2091 sunt
746 2029 821 2092 facti
845 2029 1014 2124 generales
1039 2038 1152 2103 status,
1180 2029 1296 2112 quibus
1320 2037 1351 2090 et

282 2116 395 2180 Cicero
414 2117 447 2178 in
467 2118 604 2180 Oratore
623 2119 733 2192 utitur,
755 2127 787 2180 et
802 2119 919 2193 omnia,
938 2139 1018 2202 quae
1039 2128 1093 2180 aut
1112 2118 1145 2179 in
1166 2127 1350 2180 controver-

281 2207 362 2268 siam
385 2215 440 2269 aut
461 2207 494 2268 in
514 2207 749 2268 contentionem
769 2207 908 2281 veniant,
932 2208 1086 2269 contineri
1106 2215 1209 2290 putat,
1232 2207 1351 2269 Sitne?

281 2297 362 2377 qnid
382 2296 454 2358 sit?
473 2296 571 2377 quale
590 2296 662 2358 sits>
676 2316 812 2378 quorum
832 2296 962 2360 nomina
979 2289 1140 2379 apertiora
1160 2305 1235 2358 sunt
1255 2315 1350 2378 quam

280 2392 316 2446 ut
329 2383 464 2446 dicenda
479 2384 580 2446 sint...
599 2384 745 2463 Quintil,
763 2390 792 2458 3,
809 2389 838 2458 6,
857 2389 907 2445 44.

321 2472 477 2536 Posuerat
500 2482 532 2535 et
557 2471 681 2547 Cicer0,
703 2473 736 2534 in
760 2473 850 2535 libris
875 2473 1052 2548 rhetoricis,
1076 2475 1169 2554 facti,
1196 2475 1347 2550 normate,

279 2565 421 2644 generis,
435 2564 595 2638 actionie;
609 2570 645 2623 ut
659 2563 691 2624 in
706 2561 790 2624 lacto
806 2563 998 2636 coniectura,
1012 2562 1043 2624 in
1055 2562 1183 2625 nomine
1193 2562 1305 2635 finitio,
1319 2562 1350 2622 in

281 2671 400 2735 genere
409 2650 557 2732 qualitas,
569 2651 601 2713 in
610 2651 734 2712 actione
745 2651 794 2712 ius
804 2650 1049 2735 intelligeretur.
1062 2651 1208 2731 Quintil,
1219 2657 1248 2723 3,
1259 2657 1288 2725 6,
1300 2657 1347 2712 50.

322 2740 436 2802 Omnis
447 2759 508 2814 res,
521 2760 603 2822 quae
614 2740 711 2802 habet
725 2741 758 2800 in
774 2760 808 2801 se
823 2740 962 2823 positam
977 2741 1009 2801 in
1025 2739 1163 2802 dictione
1179 2761 1216 2801 ac
1226 2740 1349 2822 discep-

281 2830 401 2890 tatione
421 2827 560 2911 aliquam
586 2829 847 2902 controvcrsiam‚
869 2837 924 2890 aut
944 2831 1031 2910 sacti
1052 2838 1107 2890 aut
1130 2831 1273 2889 nominis
1296 2837 1351 2890 aut

279 2919 410 2999 generis
426 2926 481 2980 aut
495 2919 634 2978 actionis
649 2917 792 2978 continet
806 2917 1037 2999 quaestionem.
1055 2917 1135 2992 lnv.,
1154 2924 1181 2991 1,
1199 2922 1228 2991 8,
1248 2921 1295 2978 10.

323 3006 481 3085 Quoniam
498 3004 648 3089 quicquid
663 3014 713 3066 est
728 3005 813 3088 quod
827 3005 860 3066 in
875 3006 1093 3068 controversia
1107 3015 1162 3066 aut
1176 3006 1210 3066 in
1222 3013 1350 3068 conten-

281 3095 367 3157 tione
381 3102 537 3169 versetur,
558 3094 589 3155 in
610 3114 647 3156 co
668 3103 723 3155 aut
741 3096 834 3173 sitne,
858 3103 913 3156 aut
932 3096 1014 3176 quid
1030 3097 1081 3170 ait,
1105 3103 1160 3156 aut
1179 3094 1278 3176 quale
1296 3096 1347 3172 sit,

281 3184 470 3268 quaeritur:
488 3219 527 3228 —
543 3183 625 3245 sitne
641 3183 760 3267 signis3
778 3182 854 3266 quid
870 3183 912 3245 sit
925 3179 1164 3245 definitionibus
1178 3207 1184 3259 ;
1202 3183 1295 3266 quale
1311 3183 1351 3244 sit

282 3272 359 3334 recti
375 3272 528 3355 pravique
543 3271 700 3354 partibus
719 3272 788 3345 Or.,
808 3276 855 3346 14,
873 3276 931 3347 45;
950 3271 988 3334 cl.
1006 3276 1055 3346 34,
1075 3277 1142 3334 121.

325 3414 460 3482 Addere
476 3424 611 3505 poterat
625 3413 857 3500 Quintilianus
870 3415 1008 3483 eosdem
1023 3425 1094 3482 tres
1111 3415 1303 3505 status,qui
1316 3414 1349 3481 in
1424 3497 1426 3502 Ι

281 3532 427 3599 Oratore
448 3529 719 3621 distinguuntur,
736 3539 770 3596 et
784 3529 819 3596 in
834 3529 930 3597 libris
947 3529 987 3597 de
1004 3530 1150 3597 Oratore
1166 3540 1201 3596 et
1217 3529 1252 3596 in
1268 3532 1349 3597 Par-

280 3645 458 3713 titionibus
475 3654 508 3712 et
523 3645 558 3712 in
574 3645 711 3737 Topicis
727 3669 805 3712 esse
819 3655 1019 3736 usurpatos.

318 3844 342 3893 1.
366 3861 379 3891 a
405 3843 491 3894 Passe
515 3859 589 3911 pour
613 3841 640 3893 la
663 3842 786 3894 division
810 3859 847 3894 ou
868 3842 962 3894 mieux
985 3843 1012 3894 le
1035 3841 1147 3894 tableau
1172 3843 1223 3894 des
1250 3860 1349 3894 causes

283 3942 296 3970 a
316 3921 558 3989 (constitutiones)
582 3940 617 3973 au
641 3922 766 3991 premier
789 3922 870 3973 livre.
894 3922 1012 3974 Maitres
1034 3931 1062 3974 et
1086 3922 1179 3975 eleves
1204 3923 1349 3992 croyaient

284 4021 296 4050 a
318 4019 383 4054 sans
404 4003 490 4054 doute
510 4000 723 4071 indispensable
743 4002 778 4054 de
799 4001 825 4052 le
841 4000 907 4053 bien
920 4005 1084 4060 connattre;
1101 4019 1135 4053 en
1150 4002 1210 4062 tait,
1228 4002 1349 4053 Ciceron

283 4102 295 4130 a
317 4082 386 4133 s’est
406 4080 472 4133 bien
493 4081 580 4151 garde
600 4081 663 4133 d‘en
682 4081 744 4133 rien
763 4081 825 4132 dire
845 4081 915 4132 dans
935 4098 982 4133 ses
1002 4091 1098 4134 autres
1116 4082 1243 4133 traitesn
1263 4083 1348 4151 quon..

281 4178 375 4214 ccccx
390 4160 553 4219 choisis,‚...
570 4180 598 4231 p.
616 4161 670 4230 82).

316 4243 341 4291 2.
362 4239 434 4292 Vide
450 4257 563 4311 quoque
577 4240 611 4291 dc
627 4241 664 4292 iis
679 4240 751 4293 locis
767 4240 964 4293 adnotationes
979 4258 1051 4312 quae
1066 4241 1162 4293 insunt
1172 4240 1348 4293 editionibus

281 4319 400 4381 Piderit,
419 4318 555 4381 wilkins,
573 4319 693 4390 Sandys,
711 4329 764 4372 etc.
779 4338 784 4379 ;
800 4320 946 4390 Sapienza,
961 4339 990 4390 p.
1005 4320 1109 4380 43-44;
1127 4320 1170 4382 43,
1187 4338 1214 4371 n.
1233 4320 1258 4371 3.
