3062 5050
258 1168 330 1262 De
357 1166 599 1263 Tulliana
628 1167 882 1262 rhetorica
910 1166 1170 1262 conclusio

225 1703 263 1767 ln
284 1698 460 1768 Ciceronis
481 1698 640 1767 oratoriis
660 1698 757 1766 libris
778 1698 845 1765 duo
864 1697 1080 1789 reperiuntur
1098 1698 1187 1766 inter
1207 1722 1243 1766 se

179 1815 325 1883 maxime
349 1814 530 1882 dissimilia
557 1840 564 1881 :
588 1814 672 1882 artis
695 1825 889 1906 praecepta,
914 1814 1038 1905 quibus
1062 1814 1244 1906 praecipue

178 1930 258 1998 libri
273 1930 314 1997 de
332 1930 543 2012 Inventione,
561 1929 780 2012 PartitioneS,
798 1929 926 2020 Topica
944 1929 1139 2012 abundant;
1157 1930 1244 1998 aliae

179 2045 348 2136 quaedam
364 2045 528 2128 rationes,
546 2056 604 2113 aut
619 2045 662 2112 ab
678 2044 827 2136 antiquis
842 2045 1020 2136 repetitae,
1038 2056 1097 2113 aut
1111 2046 1154 2112 ab
1170 2045 1245 2137 ipso
1267 2057 1269 2060 ’

180 2161 378 2252 perpolitae.
398 2165 520 2229 Utram
540 2185 581 2228 ex
596 2160 649 2227 his
664 2160 852 2228 rhetoricae
873 2185 956 2228 suae
975 2160 1150 2230 doctrinae
1166 2185 1245 2252 par·

180 2277 273 2344 tibus
289 2275 397 2367 pluris
413 2275 605 2343 aestimarit
623 2300 691 2343 non
710 2285 764 2343 est
782 2275 935 2344 dubium.
955 2280 1144 2367 Praecepta
1159 2276 1244 2343 artis

179 2415 246 2459 non
261 2392 398 2483 quidem
417 2393 626 2483 neglegebat
644 2392 817 2483 -quide
837 2392 880 2459 iis
897 2416 1006 2483 usque
1026 2392 1069 2460 ad
1088 2392 1244 2459 ultimum

179 2508 303 2576 aetatis
323 2532 449 2575 annum
467 2508 656 2599 scripserit,
674 2549 718 2558 —
738 2508 799 2575 sed
811 2517 929 2598 tamen
952 2535 969 2572 «
990 2509 1182 2576 eommunia
1199 2536 1214 2572 t>
1233 2509 1243 2553 ¹

179 2622 372 2707 iudicabat3
389 2648 456 2691 non
472 2634 542 2692 tam
557 2623 600 2691 iis
616 2623 825 2715 exponendis
840 2647 942 2714 quam
958 2623 1034 2691 aliis
1050 2623 1244 2714 exquisitio·

180 2739 289 2822 ribuS,
324 2764 411 2831 quae
442 2740 588 2807 maxime
626 2740 668 2807 de
702 2739 858 2807 doctrina
888 2739 1016 2808 oratori
1049 2739 1245 2808 necessaria

181 2855 381 2946 scripserat,
420 2856 553 2924 civibus
596 2856 668 2923 suis
707 2878 743 2922 se
785 2855 956 2946 proluisse
999 2855 1242 2923 arbitrabatur.

179 2974 311 3039 Novom
330 2971 493 3062 quiddam
514 2995 550 3039 se
572 2957 743 3055 attulisse,
762 2970 853 3061 quod
873 2969 1046 3038 rhetorum
1065 2971 1244 3039 cantilenis

179 3087 281 3178 longe
324 3096 531 3177 praestaret,
574 3110 723 3178 suosque
765 3086 954 3180 rhetoricos
996 3086 1101 3154 libros
1142 3085 1244 3154 ctiam

179 3202 323 3271 Graecis
344 3202 600 3293 anteponendos
623 3226 700 3271 esse
724 3205 737 3248 ²
763 3201 829 3269 sibi
853 3212 1085 3293 persuaserat.
1112 3200 1244 3288 Quodsi

179 3318 331 3408 speravit
351 3342 387 3385 se
409 3318 481 3386 suis
501 3318 599 3386 libris
618 3318 653 3385 id
674 3318 857 3409 perfecisse
877 3329 915 3385 ut
934 3327 1055 3408 postea
1073 3317 1160 3385 ratio
1181 3340 1244 3384 sua

178 3433 371 3525 praeceptis
387 3434 471 3502 artis
486 3434 723 3517 anteferretur,
740 3432 960 3502 vehementer
975 3433 1114 3501 erravit.
1129 3433 1244 3501 Seeuti

178 3549 314 3639 quidem
330 3573 407 3616 eum
428 3560 507 3617 sunt
522 3549 663 3617 Tacitus
678 3553 690 3596 3
706 3559 740 3618 et
759 3549 991 3636 Quintilianus
1007 3550 1036 3632 43
1058 3548 1119 3616 sed
1135 3548 1243 3635 Quin-

178 3663 317 3731 tilianus
343 3665 431 3756 ipse,
455 3665 521 3733 etsi
547 3664 588 3732 de
615 3664 718 3732 rebus
741 3665 868 3732 oratori
891 3664 1064 3732 discendis
1090 3663 1241 3754 scripsit,

179 3803 246 3847 non
279 3780 367 3848 tanti
399 3781 434 3848 id
468 3804 544 3848 esse
578 3780 711 3872 putavit
747 3780 866 3871 quanti
897 3780 1030 3847 Tullius
1062 3779 1241 3863 iudicarat,

178 3894 406 3987 maioremque
432 3919 547 3963 curam
570 3895 605 3962 in
631 3896 840 3987 exponendis
862 3894 1054 3987 praeceptis
1078 3895 1162 3962 artis
1182 3894 1243 3962 ad-

214 4111 239 4160 1.
256 4110 345 4170 Fam„
360 4110 385 4170 1,
403 4110 428 4172 9,
447 4110 490 4160 23.

214 4190 238 4240 2.
254 4189 296 4241 De
312 4189 374 4250 Or„
390 4189 415 4250 3,
434 4190 476 4251 24,
493 4189 537 4241 95.

213 4269 238 4319 3.
253 4268 328 4320 Dial.
346 4268 408 4330 Or..
424 4269 522 4329 30-32;
540 4268 583 4320 35.

214 4349 238 4398 4.
256 4347 388 4412 Quintil„
403 4349 428 4410 1,
446 4349 493 4409 10;
511 4348 553 4409 12,
570 4349 624 4399 2-4.
