3086 5040
284 438 319 494 30
422 455 515 496 CAPUT
534 455 565 495 ll.
587 469 619 478 -
640 455 709 505 Quin
728 454 743 493 (1
759 454 895 506 sarlonis
912 454 927 492 l)
945 455 1048 495 CICERO
1067 455 1216 496 DEBUERIT

330 588 430 673 Quod
446 589 544 656 Plato
559 589 689 678 primus
701 599 818 656 contra
835 588 1009 678 sophistas
1025 589 1230 669 enuntiarat,
1245 599 1353 657 artem

286 704 360 771 sine
376 704 514 795 ingenio
531 714 564 771 et
582 704 736 771 doctrina
749 729 816 800 non
832 705 1000 786 sufficere,
1017 705 1051 771 id
1069 708 1238 772 Isocrates
1255 729 1353 795 aper-

285 821 354 888 tius
371 821 604 888 illustraverat
621 822 643 887 ¹.
659 824 696 888 ln
712 821 775 888 hoc
787 821 908 890 Cicero
922 845 999 888 cum
1014 832 1157 912 utroque
1170 823 1350 888 consentit.

274 937 386 1024 ¹Quod
402 937 445 1004 ad
461 937 572 1028 ipsam
593 947 702 1004 artem
723 937 856 1017 attinet,
874 938 915 1004 de
936 937 1130 1004 inventione
1151 949 1185 1005 et
1205 936 1353 1027 disposi-

284 1053 376 1120 tione
392 1076 479 1144 quae
497 1056 666 1120 Isocrates
683 1053 797 1120 docuit
813 1077 878 1120 non
895 1053 1037 1119 multum
1048 1053 1208 1120 videntur
1218 1052 1352 1120 differre

285 1192 304 1235 a
325 1169 448 1236 ceteris
464 1169 671 1235 rhetoribus.
691 1167 757 1236 Sed
773 1168 814 1235 de
836 1168 1025 1236 elocutione
1041 1169 1138 1258 plura
1159 1179 1192 1236 et
1211 1169 1352 1236 meliora

284 1284 436 1374 protulit.
452 1287 529 1374 lpse
546 1285 635 1350 enim
650 1284 784 1351 dicendi
801 1285 963 1375 egregius
976 1284 1098 1351 artilex
1109 1308 1185 1351 cum
1198 1296 1304 1368 esset,
1317 1285 1352 1352 in

284 1400 417 1468 dicendi
447 1425 556 1491 genus
587 1400 747 1467 subtilius
778 1400 967 1491 inquisivit,
994 1424 1102 1490 eaque
1127 1400 1241 1468 docuit
1264 1425 1351 1492 quae

283 1540 393 1606 neque
414 1516 609 1606 superiores
630 1526 796 1583 noverant
815 1539 877 1583 nec
897 1515 1106 1606 posteriores
1126 1517 1183 1582 diu
1203 1517 1352 1584 retinue-

284 1643 373 1698 runt.
394 1636 486 1699 Haec
502 1631 678 1701 Ciceronis
694 1642 846 1722 tempore
864 1633 1160 1723 neglegebantur;
1182 1633 1223 1700 de
1243 1633 1297 1700 his
1317 1633 1350 1699 in

284 1748 385 1814 tertio
405 1747 446 1814 de
463 1750 609 1817 Oratore
625 1747 749 1815 dicitur
766 1774 782 1810 «
799 1772 866 1815 non
881 1747 1063 1815 traduntur
1081 1749 1116 1815 in
1132 1731 1266 1840 volgari
1283 1749 1351 1816 ista

286 1890 302 1927 a
324 1863 505 1954 disciplina
521 1891 536 1928 »
547 1865 571 1945 2,
585 1864 669 1931 haec
685 1863 728 1930 ad
744 1891 760 1927 «
775 1863 1003 1954 Antiquorum
1019 1875 1052 1931 et
1067 1859 1302 1932 Aristoteliam
1318 1875 1351 1933 et

285 2006 301 2043 «
326 1983 534 2047 Isocrateam
557 1979 723 2047 rationem
747 1980 970 2047 oratoriam»
994 1981 1177 2070 pertinent.
1202 1981 1350 2048 Maxime

282 2119 365 2162 vero
387 2098 561 2162 Isocratea
584 2106 664 2162 sunt
688 2119 774 2186 quae
800 2096 932 2162 Tullius
957 2097 999 2164 de
1024 2119 1172 2163 rzunzero
1196 2097 1348 2188 scripsit,

284 2235 490 2302 quamquam
505 2235 572 2278 non
587 2211 702 2278 omnia
717 2221 901 2302 praecepta
921 2235 1007 2303 quae
1030 2211 1071 2279 de
1094 2236 1134 2279 ea
1154 2237 1190 2279 re
1209 2211 1350 2280 tradidit

282 2351 324 2393 ex
341 2331 491 2395 Isocrate
508 2328 580 2395 solo
596 2326 722 2395 hausit.

326 2443 476 2511 Nimium
502 2443 639 2534 quidem
671 2444 813 2511 Isocrati
846 2443 965 2511 tribuit
994 2466 1070 2511 oum
1099 2468 1175 2510 eum
1204 2444 1349 2534 primum

282 2559 432 2626 omnium
451 2560 639 2626 orationem
659 2560 810 2626 numeris
831 2559 1057 2627 adstrinxisse
1078 2559 1162 2626 dixit
1179 2563 1210 2642 33
1232 2559 1266 2625 in
1287 2559 1349 2626 hoc

282 2699 320 2741 se
342 2698 477 2741 errasse
497 2675 571 2764 ipse
592 2676 708 2741 lassus
729 2685 782 2742 est
800 2677 831 2757 1;
853 2674 989 2741 minime
1009 2698 1091 2742 vero
1111 2676 1250 2742 errabat
1273 2699 1348 2742 cum

282 2790 369 2856 hano
393 2789 555 2856 Isocratis
576 2790 731 2880 regulam
750 2790 963 2880 proponebat
986 2817 993 2857 :
1018 2818 1033 2852 «
1056 2790 1158 2858 etiam
1182 2791 1216 2857 in
1237 2792 1348 2876 soluta

284 2905 487 2986 «oratione,
521 2905 600 2972 dum
628 2929 766 2972 versum
800 2905 981 2996 effugeres,
1013 2907 1149 2973 modum
1173 2916 1287 2973 tamen
1316 2917 1349 2972 et

284 3047 300 3083 «
321 3044 498 3087 numerum
520 3020 702 3112 quemdam
721 3031 877 3111 oportere
898 3022 1029 3088 servari
1053 3049 1069 3085 »
1093 3024 1116 3087 ⁵.
1145 3021 1183 3089 ld
1207 3021 1296 3089 enim
1319 3021 1348 3088 si

282 3159 349 3202 non
365 3137 495 3227 primus
517 3139 700 3217 Isocrates,
719 3147 809 3204 certe
833 3137 953 3204 melius
974 3138 1098 3205 ceteris
1120 3137 1287 3204 intellexit
1309 3160 1348 3204 ac

281 3252 460 3342 perspicue
476 3251 590 3319 docuit
604 3254 627 3317 ⁶.
648 3252 741 3318 Idem
753 3253 873 3320 Cicero
889 3276 992 3343 saepe
1008 3253 1201 3343 expressit7
1220 3255 1347 3319 Isocra-

280 3378 349 3434 tem
365 3367 465 3434 simul
486 3376 520 3434 et
535 3367 754 3434 Aristotelem
772 3377 923 3434 secutus

324 3486 400 3550 Non
415 3482 522 3573 igitur
535 3483 655 3573 negari
669 3493 784 3573 potest
798 3483 912 3550 inesse
928 3483 961 3549 in
978 3484 1154 3552 Ciceronis
1170 3483 1266 3552 libris
1287 3485 1348 3552 ali·

317 3672 341 3721 l.
362 3671 528 3740 soph.,14;
546 3669 653 3730 Antia,
671 3671 791 3722 187-192
805 3690 810 3730 ;
826 3671 860 3723 cl.
876 3672 1009 3732 Navarra,
1027 3691 1055 3740 p.
1073 3673 1198 3724 187-188.

317 3752 342 3800 2.
360 3750 402 3802 De
415 3751 476 3810 Or,
494 3752 519 3810 3,
537 3751 654 3810 41188.

316 3832 341 3881 3.
360 3831 402 3882 De
418 3830 480 3889 Or„
498 3832 523 3890 3,
538 3831 581 3889 44,
600 3831 666 3889 173;
683 3831 776 3891 Brut,
792 3832 817 3891 8,
835 3831 930 3882 32-33.

317 3911 342 3960 1.
361 3909 423 3969 0r.,
441 3911 483 3970 52,
502 3910 633 3961 174-176.

316 3990 342 4044 5.
359 3989 451 4048 Brut,
470 3991 494 4049 8,
513 3990 556 4040 32.

316 4070 341 4119 6.
360 4066 498 4127 Sheehan,
516 4087 543 4137 p.
561 4069 586 4127 8,
604 4068 653 4124 33;
669 4069 793 4128 Norden,
812 4087 839 4137 p.
860 4069 902 4129 53,
921 4069 981 4120 117.

317 4149 341 4199 7.
360 4148 401 4198 De
417 4148 479 4207 On,
498 4149 522 4208 3,
540 4149 583 4207 44,
601 4149 735 4204 tva-175:
758 4149 821 4206 Or.‚
843 4149 886 4207 56,
909 4150 975 4206 187;
997 4150 1041 4206 57.
1062 4152 1195 4208 tao-19&
1218 4152 1260 4211 58,
1283 4153 1344 4203 198.

282 4228 323 4278 De
339 4227 384 4278 his
398 4228 426 4278 in
440 4227 530 4279 altera
545 4226 619 4278 thesi
635 4228 776 4297 disputavi
788 4246 792 4285 ;
805 4226 900 4280 Elude
913 4246 964 4280 sur
976 4227 1002 4280 le
1015 4229 1086 4300 style
1100 4229 1150 4282 des
1164 4229 1294 4282 discours
1311 4229 1346 4282 de

283 4305 397 4359 Ciccron
412 4307 514 4374 (Paris,
533 4305 681 4366 Hachette,
699 4307 788 4372 1907),
806 4307 825 4357 l.
844 4307 879 4368 11,
898 4306 941 4358 ch.
958 4307 979 4367 I,
997 4307 1048 4379 §⁶²-
1159 4364 1162 4369 ,
