3062 5050
258 461 310 518 104
364 477 457 517 curor
470 477 497 516 v.
513 490 544 498 -
558 475 711 526 oulreuus
726 475 828 515 crosno
843 474 1028 515 senrsurmu
1043 474 1215 514 uurxvenrr

258 612 322 679 bus
344 620 452 679 totam
471 609 604 677 dicendi
627 619 734 677 artem
754 608 920 676 contineri
945 631 1149 699 persuasum
1173 607 1324 675 habebat

259 751 321 796 nec
358 726 539 818 quicquam
580 725 671 792 aliud
709 724 848 816 requiri,
889 735 1052 816 quantum
1086 724 1158 792 eius
1194 723 1323 813 scripta

259 842 446 923 declarant,
479 841 730 932 suspicabatur.
764 845 888 909 Postea
918 864 1000 908 vero
1028 839 1112 907 artis
1140 847 1324 930 praecepta

258 983 326 1026 nou
348 957 484 1049 quidem
506 957 622 1025 reiecit
637 957 697 1025 sed
722 957 858 1024 minime
886 957 1039 1025 sufficere
1067 954 1232 1023 intellexit
1255 955 1323 1022 nisi
1414 1031 1421 1044 ι

259 1084 352 1142 esset
375 1074 409 1140 in
432 1084 566 1142 oratore
589 1072 776 1164 ingenium,
806 1072 1016 1154 exercitatio,
1044 1072 1187 1139 maxime
1210 1095 1324 1139 rerum

259 1191 441 1258 multarum
462 1189 615 1257 scientia.
633 1193 750 1281 Neque
772 1213 811 1256 eo
832 1190 940 1256 solum
960 1200 1111 1278 tempore
1132 1211 1198 1279 quo
1217 1188 1325 1255 libros

260 1306 301 1374 de
322 1308 467 1375 Oratore
488 1306 637 1396 scripsit,
660 1305 708 1373 ita
733 1305 859 1372 sentire
879 1305 1002 1395 coepit,
1026 1304 1087 1372 sed
1102 1303 1228 1370 iamdiu
1243 1303 1277 1370 id
1294 1303 1326 1370 ei

260 1445 463 1513 persuasum
478 1421 583 1489 fuisse
600 1446 641 1489 ex
660 1421 865 1513 quibusdam
880 1421 1013 1488 indiciis
1030 1419 1255 1510 suspicamur.

304 1541 380 1606 iam
401 1538 435 1604 in
456 1538 686 1620 Divinatione,
709 1562 785 1605 oum
806 1537 992 1607 Caecilium
1013 1535 1205 1604 accusando
1224 1535 1328 1604 Verri

260 1654 425 1744 imparem
441 1653 665 1736 demonstrat,
683 1653 748 1721 etsi
763 1655 901 1721 multae
920 1652 1055 1743 volgari
1070 1652 1243 1719 rhetorum
1260 1650 1328 1718 dis-

261 1769 386 1860 ciplina
413 1769 581 1860 depromit
610 1769 645 1836 in
673 1769 884 1860 eloquentiae
919 1793 1056 1836 munere
1075 1767 1326 1850 describendo,

261 1896 375 1953 tamen
384 1885 589 1954 ealiheriore
599 1886 746 1976 quodam
755 1885 855 1953 modo
864 1886 972 1968 effert,
986 1885 1178 1976 oratorique
1190 1893 1331 1974 praeter

261 2002 373 2092 ipsam
388 2001 604 2086 rhetoricam,
626 2013 762 2092 praeter
781 2002 956 2093 ingenium
978 2013 1011 2069 et
1034 2001 1325 2084 exercitationem,

263 2118 387 2185 multas
403 2141 536 2209 quoque
552 2118 685 2186 litteras
701 2118 916 2186 necessarias
932 2142 1008 2185 esse
1024 2116 1198 2208 significat
1216 2142 1223 2182 ε

303 2279 417 2358 Quid?
440 2279 505 2352 illa,
530 2279 659 2355 Caecili,
687 2279 959 2344 contemnendane
984 2279 1041 2342 tibi
1065 2278 1213 2340 videntur
1241 2298 1329 2352 esse,

263 2368 331 2430 sine
353 2367 469 2450 quibus
491 2388 587 2430 causa
610 2369 771 2444 sustineri,
796 2369 985 2452 praesertim
1005 2377 1104 2443 tanta,
1126 2367 1331 2430 nullomodo

263 2458 394 2540 potest?
413 2456 520 2540 aliqua
539 2458 674 2520 facultas
693 2459 824 2541 agendi,
847 2458 953 2541 aliqua
973 2457 1099 2520 dicendi
1118 2456 1329 2530 consuetudo,

264 2545 370 2628 aliqua
384 2545 416 2606 in
431 2546 511 2621 loro,
528 2547 664 2622 iudiciis,
677 2548 815 2632 legibus,
828 2556 883 2609 aut
892 2549 989 2624 ratio,
1004 2555 1059 2608 aut
1068 2547 1259 2608 exercitatio
1272 2545 1330 2606 Ρ...

264 2634 403 2695 Putasne
425 2643 456 2696 te
480 2655 576 2717 posse
599 2635 637 2696 de
661 2635 810 2696 maximis
834 2634 1113 2718 acerbissimisque
1137 2633 1232 2696 rebus
1256 2653 1332 2694 cum

264 2743 394 2785 causam
419 2725 576 2786 sociorum
601 2724 808 2808 fortunasque
831 2725 1024 2808 provinciae,
1051 2725 1100 2786 ius
1128 2722 1238 2807 populi
1267 2721 1333 2784 Ro·

265 2813 361 2887 mani,
379 2814 568 2897 gravitatem
585 2813 692 2875 iudicii
707 2814 880 2898 legumque
900 2813 1090 2896 susceperis
1112 2821 1160 2874 tot
1179 2832 1241 2886 res,
1264 2821 1333 2874 tam

265 2921 391 2985 graves,
409 2911 474 2963 tam
489 2903 605 2977 varias,
624 2924 707 2979 voce,
726 2906 895 2980 memoria,
915 2904 1060 2982 eonsilib,
1083 2903 1212 2984 ingenio
1232 2901 1334 2962 susti-

265 2991 364 3052 nere?
384 3000 520 3072 putasne
540 3001 570 3053 te
586 3011 692 3075 posse,
716 3012 797 3076 quae
813 2991 849 3054 C.
867 2991 987 3055 Verres
1002 2992 1034 3053 in
1049 3000 1231 3075 quaestura,
1249 3011 1335 3074 quae

265 3080 298 3140 in
312 3079 485 3163 legatione,
503 3101 583 3164 quae
599 3081 631 3141 in
646 3091 807 3164 praetura,
825 3101 907 3165 quae
922 3080 1054 3154 Romae,
1072 3100 1153 3164 quae
1173 3079 1206 3141 in
1226 3078 1332 3158 ltalia,

265 3188 346 3251 quae
365 3169 398 3229 in
418 3169 548 3240 Achaia,
567 3170 653 3244 Asia,
674 3169 925 3253 Pamphyliaque
946 3169 1097 3252 peccarit,
1114 3189 1162 3244 ea,
1180 3169 1335 3251 quemad

266 3258 395 3319 modum
410 3257 489 3319 locis
504 3259 766 3343 temporibusque
786 3259 911 3321 diversa
930 3259 1004 3333 sint,
1028 3258 1074 3320 sic
1093 3257 1280 3319 criminibus
1300 3266 1337 3318 et

266 3347 408 3408 oratione
429 3349 661 3429 distinguere?
680 3357 815 3430 putasne
835 3357 866 3409 te
888 3367 994 3430 posse,
1016 3348 1053 3408 id
1070 3347 1160 3430 quod
1181 3346 1213 3407 in
1236 3345 1336 3407 huius

267 3435 352 3496 modi
372 3456 427 3498 reo
442 3439 585 3498 niaxime
601 3439 822 3498 necessarium
838 3448 895 3515 est,
913 3437 1028 3511 lacere,
1045 3445 1080 3498 ut
1094 3456 1175 3519 quae
1190 3436 1243 3497 ille
1258 3434 1336 3496 libi-

266 3524 389 3598 dinose,
420 3545 501 3608 quae
534 3526 663 3600 nelarie,
695 3546 776 3609 quae
805 3525 976 3587 crudeliter
1004 3525 1125 3600 lecerit,
1156 3546 1196 3585 eu
1228 3545 1336 3607 aeque

267 3614 388 3674 acerba
414 3626 445 3675 ei
470 3616 606 3697 indigua
634 3615 806 3678 videantur
827 3636 897 3676 esse
918 3616 979 3693 liis,
1003 3617 1062 3697 qui
1080 3614 1215 3676 audient
1236 3622 1336 3694 atque

217 3759 220 3764 ⁴
267 3702 330 3764 illis
353 3703 422 3764 visa
445 3713 529 3779 sunt,
554 3703 607 3786 qui
628 3705 826 3766 senserunt?
846 3704 965 3787 Magna
989 3712 1063 3765 sunt
1087 3723 1124 3764 ea
1146 3723 1226 3787 quae
1247 3702 1333 3776 dioc,

268 3791 345 3852 mihi
361 3792 471 3867 crede;
489 3793 553 3853 noli
570 3794 648 3855 haec
663 3802 882 3854 contemnere:
904 3793 1049 3868 dicenda,
1071 3791 1334 3865 demonstranda,

268 3879 457 3964 explicanda
476 3891 550 3943 sunt
569 3882 697 3957 omnia3
720 3903 816 3944 causa
840 3902 903 3943 non
928 3880 1031 3942 solum
1055 3880 1253 3964 exponenda,
1276 3881 1337 3942 sed

268 3971 363 4032 etiam
376 3972 524 4051 grauiter
538 3973 729 4053 copioseque
745 3971 875 4053 agenda
890 3981 960 4046 est,·
975 3968 1204 4053 perficiendum
1224 3976 1283 4042 est,
1307 3969 1336 4030 si

269 4059 345 4142 quid
374 4079 471 4142 agere
501 4067 555 4120 aut
582 4059 736 4142 proficere
765 4060 823 4134 vis,
856 4071 890 4120 ut
917 4061 1063 4120 homines
1087 4066 1118 4119 te
1142 4077 1205 4118 non
1229 4055 1337 4118 solum

269 4146 409 4222 audiant,
419 4167 529 4209 verum
543 4149 638 4210 etiam
651 4149 786 4210 libenter
799 4149 1008 4230 studioseque
1023 4147 1173 4208 audient.
1187 4145 1222 4206 ln
1232 4165 1295 4229 quo
1307 4146 1338 4207 si

268 4244 299 4298 te
324 4237 458 4298 multum
483 4248 606 4298 natiue
630 4237 804 4312 adiuvaret,
831 4260 858 4298 s1
884 4258 1013 4298 orrrurs
1035 4256 1054 4296 a
1075 4235 1212 4319 pueritia
1233 4257 1338 4296 ursor-

270 4346 372 4386 rtmrs
392 4347 495 4398 eroon
515 4346 648 4387 inrisus
668 4346 972 4402 srunnrssns,er1u
990 4347 1042 4387 rus
1061 4345 1287 4401 einnounssns,
1307 4345 1338 4386 ει
