3062 5050
261 447 297 510 te
376 470 469 512 carun
487 466 530 511 nr.
552 484 584 494 -
603 468 672 521 curn
693 469 925 512 nncnnrromnus
944 469 1047 511 niceno
1067 469 1215 512 nneusnn

304 604 432 666 Stoicus
452 605 513 667 iste
533 603 612 666 nihil
632 604 771 680 adiuvat,
794 604 945 687 quoniam
965 625 1059 687 quem
1080 604 1120 666 ad
1136 604 1268 693 modurn
1283 605 1333 665 in-

261 695 388 756 veniam
407 694 484 776 quid
499 693 602 756 dicam
618 714 682 755 non
697 694 800 756 docet.
817 693 866 756 De
882 693 951 769 On,
969 699 997 769 2,
1015 699 1064 769 38,
1083 699 1150 755 159.

269 860 275 868 ·
308 838 403 925 Quas
423 861 506 905 vero
527 836 630 905 Stoici
651 846 743 904 artes
764 836 952 905 rhetoricas
977 837 1187 927 scripserant
1211 835 1333 905 Cicero

264 964 480 1044 aspernatur.
508 952 674 1044 Diogenis
701 952 869 1044 Babyloni
893 951 934 1019 de
959 975 1026 1044 quo
1051 975 1154 1043 saepe
1182 952 1333 1042 loquitur

262 1069 386 1138 librum
400 1075 463 1162 περὶ
479 1071 627 1162 ῥητορικῆς
642 1069 651 1113 ¹
668 1091 710 1135 ne
730 1067 883 1135 nominat
902 1067 1050 1158 quidem.
1070 1070 1120 1134 De
1136 1066 1330 1159 Chrysippo

263 1195 297 1253 et
314 1185 479 1254 Cleanthe
493 1185 577 1252 haec
593 1184 661 1252 ait:
677 1210 693 1248 «
711 1184 927 1274 Quamquam
943 1183 1081 1273 scripsit
1096 1193 1204 1251 artem
1220 1184 1328 1251 rheto-

263 1328 279 1363 «
305 1301 410 1368 ricam
426 1300 624 1382 Cleanthes,
643 1299 860 1392 Chrysippus
876 1300 1014 1382 etiam2,
1028 1299 1089 1368 sed
1101 1300 1150 1367 sic
1161 1310 1198 1368 ut
1209 1299 1238 1367 si
1249 1300 1325 1391 quis

263 1445 279 1480 «
305 1418 541 1484 obmutescere
558 1415 778 1506 concupierit,
796 1414 878 1482 nihil
894 1415 986 1483 aliud
1000 1416 1116 1507 legere
1132 1415 1280 1483 debeat'3
1293 1443 1323 1484 ».

305 1533 395 1621 Quia
422 1543 536 1600 tamen
566 1531 736 1600 rhetorica
765 1541 798 1598 et
827 1531 1005 1600 dialectica
1037 1531 1137 1622 quasi
1169 1531 1258 1598 inter
1291 1555 1327 1599 se

261 1672 409 1717 conexae
430 1659 522 1731 sunt,
545 1672 620 1716 curn
640 1657 784 1739 utraque
805 1647 839 1714 in
859 1647 1035 1737 probando
1054 1656 1212 1714 versetur
1227 1670 1331 1738 argu·

261 1764 451 1856 mentisque
471 1774 599 1842 utatur,
622 1763 793 1831 interdum
814 1763 935 1831 Cicero
951 1763 1213 1854 argumentandi
1229 1787 1329 1854 prae-

263 1891 362 1970 cepta
381 1890 555 1948 mutuatur
574 1903 591 1946 e
614 1879 749 1962 Stoicis,
772 1880 862 1970 quod
882 1879 917 1945 in
937 1882 965 1947 T
967 1879 1079 1970 opicis
1089 1879 1217 1946 iamdiu
1232 1879 1330 1970 agni-

260 2005 332 2063 tum
349 2006 402 2063 est
416 1998 449 2078 43
468 2007 618 2064 ceterum
633 1995 667 2064 id
683 1995 757 2086 ipse
773 2005 890 2084 aperte
906 1995 1085 2063 consessus
1101 2004 1165 2062 est.

259 2179 262 2184 ι
298 2138 461 2222 Deinceps
491 2148 541 2200 est
568 2137 658 2200 loeus
687 2138 934 2200 dialecticorum
958 2143 969 2178 ⁵
997 2137 1200 2222 proprius...
1233 2136 1327 2221 Top.‚

263 2233 310 2301 12,
328 2233 377 2290 53.
1273 2231 1279 2238 ’

301 2315 368 2378 Ηοο
388 2315 567 2378 disserendi
589 2335 692 2399 genus
712 2316 842 2400 attingit
861 2316 991 2378 omnino
1011 2324 1134 2378 vestras
1154 2336 1281 2399 quoque
1297 2316 1328 2380 in

261 2404 486 2487 respondendo
524 2404 769 2488 disputationes,
809 2405 866 2466 sed
900 2406 1173 2486 philosophorum
1211 2404 1326 2488 magis,

260 2495 376 2577 quibus
397 2502 446 2556 est
466 2514 538 2555 cum
558 2493 739 2556 oratoribus
759 2492 813 2554 illa
833 2514 872 2555 en
891 2493 1146 2578 repugnantibus
1161 2493 1328 2556 sententiis

259 2583 438 2645 eommunis
454 2582 616 2645 conclusio
632 2602 714 2665 quae
729 2603 748 2643 a
763 2582 938 2644 dialecticis
953 2583 1067 2644 tertius
1082 2581 1207 2656 moduS,
1225 2603 1245 2644 a
1259 2583 1327 2644 rhe-

257 2672 381 2733 toribus
396 2679 540 2752 ἐνθύμημα
555 2671 681 2732 dieitur.
698 2670 833 2752 Reliqui
846 2671 1092 2733 dialecticorum
1113 2671 1205 2732 modi
1213 2671 1328 2753 piures

257 2771 370 2822 sunt...
401 2760 506 2841 Atque
533 2780 574 2821 ex
601 2759 640 2821 iis
669 2759 939 2835 conclusionibus,
970 2780 1050 2842 quas
1075 2759 1325 2842 suprascripsi,

258 2849 346 2932 prior
365 2857 508 2932 quartus,
526 2849 687 2931 posterior
706 2849 837 2932 quintus
853 2869 872 2909 a
887 2849 1067 2910 dialecticis
1083 2849 1197 2910 modus
1215 2847 1327 2931 appel·

258 2940 351 3000 latur.
369 2936 493 3000 Deinde
508 2936 666 2999 addunt...
684 2936 778 3020 Top.‚
799 2941 845 3012 14,
864 2943 954 2999 56-57
969 2938 991 2999 ⁸.

303 3085 378 3148 Jam
401 3079 436 3146 in
460 3079 556 3148 libris
581 3080 622 3148 de
648 3080 846 3147 Inventione
871 3090 1049 3147 monuerat
1073 3103 1110 3146 se
1135 3103 1152 3148 e
1177 3079 1326 3170 philoso-

257 3196 401 3286 phorum
420 3195 517 3262 libris
537 3194 705 3286 quaedam
724 3195 884 3263 hausisse
905 3219 991 3286 quae
1012 3196 1055 3262 ab
1076 3195 1161 3262 artis
1182 3195 1326 3285 scripto·

258 3312 353 3380 ribus
369 3312 527 3403 neglecta
542 3321 669 3379 essent.

293 3511 317 3560 1.
339 3509 429 3561 Cuius
444 3509 581 3579 reliquias
602 3517 694 3561 certas
714 3508 893 3578 incertasque
913 3508 1030 3578 collegit
1050 3525 1103 3561 von
1122 3507 1230 3570 Arnim,
1250 3507 1325 3560 Stoi-

257 3606 353 3641 corum
368 3597 491 3642 veterum
502 3584 672 3658 fragmenta,
693 3589 743 3648 ΙΙΙ,
760 3607 789 3658 p.
807 3589 938 3640 235-243.

292 3670 315 3719 2.
339 3668 380 3718 Ex
400 3669 436 3720 iis
460 3667 571 3720 artibus
592 3668 650 3721 fere
666 3666 737 3718 nihil
758 3677 908 3738 superest,
930 3668 966 3720 cl.
986 3686 1040 3721 von
1059 3667 1167 3729 Arnim,
1193 3667 1265 3730 ibid,
1286 3667 1323 3727 ΙΙ,

256 3767 284 3818 p.
301 3749 397 3801 95-96.

292 3830 318 3880 3.
340 3828 401 3889 Fin,
418 3829 443 3888 4,
462 3829 486 3889 3,
505 3829 529 3880 7.

292 3909 317 3959 4.
340 3907 383 3959 Cf.
409 3908 540 3968 Brundis,
567 3906 753 3960 Rheinisclies
777 3909 916 3968 Museum,
944 3909 996 3968 111,
1025 3909 1103 3969 1829,
1127 3927 1154 3978 p.
1180 3907 1323 3968 549-554;

257 3987 350 4048 Klein,
367 3990 408 4039 De
422 3986 548 4055 sontibus
568 3987 735 4062 Topicorum
754 3987 904 4048 Ciceronis,
922 4007 950 4058 p.
968 3989 1063 4040 44-47.

291 4069 316 4120 5.
334 4067 447 4119 Stoicos
462 4066 677 4119 dialecticorum
693 4067 804 4119 nomine
820 4067 939 4119 indicari
951 4077 1027 4120 recte
1040 4077 1134 4120 monet
1145 4068 1179 4119 G.
1192 4066 1321 4128 Ammon,

255 4147 296 4199 De
307 4146 436 4218 Dionysii
446 4146 716 4199 Halicarnassensis
728 4145 865 4199 librorum
876 4146 1080 4200 rhetoricorum
1090 4146 1226 4216 sontibus,
1238 4166 1267 4217 p.
1277 4147 1320 4198 17.

290 4228 316 4278 6.
338 4226 381 4277 Cl.
404 4226 489 4295 Diog.
512 4227 617 4286 Laert,
642 4228 666 4286 7,
688 4228 713 4287 1,
734 4227 835 4285 79-81;
858 4227 934 4279 Sext.
956 4227 1065 4297 Empir.
1082 4226 1196 4298 Pyrrh..
1217 4226 1324 4288 2157·

256 4305 444 4368 158;Prant1,
465 4303 628 4360 oesctichte
644 4304 696 4358 der
710 4304 805 4376 Logilc,
824 4306 846 4367 Ι,
863 4325 890 4376 p.
909 4307 970 4359 473.
