3086 5040
699 1202 854 1272 CAPUT
881 1205 911 1270 11

317 1430 451 1544 Quid
486 1438 515 1480 “
535 1431 779 1543 Antiquis
801 1429 828 1468 ”
863 1430 1036 1522 Cicero
1064 1430 1297 1522 debuerit

316 1757 333 1794 «
355 1729 583 1820 Antiquorum
605 1731 648 1793 »¹
673 1728 862 1796 doctrinam
887 1752 924 1795 se
947 1755 963 1792 «
985 1729 1219 1796 communibus
1239 1753 1339 1819 prae-

270 1845 379 1936 ceptis
410 1873 425 1909 »
458 1846 625 1912 anteferre
653 1845 774 1914 Cicero
800 1868 903 1936 saepe
927 1846 1104 1934 professus
1129 1854 1193 1912 est.
1220 1849 1338 1935 Neque

271 1961 360 2029 enim
380 1962 490 2028 solum
509 1961 543 2027 in
564 1961 661 2028 libris
681 1961 723 2028 de
739 1963 885 2030 Oratore
899 1961 1104 2027 lsocrateam
1119 1971 1154 2028 et
1168 1959 1339 2028 Aristote·
1408 2049 1411 2054 Ι

270 2077 358 2144 leam
378 2077 545 2144 rationem
565 2077 734 2167 explicare
756 2087 898 2144 conatus
919 2085 984 2157 est,
1004 2075 1066 2143 sed
1084 2075 1119 2142 in
1139 2075 1215 2143 aliis
1235 2075 1338 2143 etiam

201 2199 203 2204 ’
269 2192 429 2285 operibus
446 2193 634 2273 Platonem,
656 2194 853 2275 Isocratem,
871 2191 1092 2259 Aristotelem
1106 2191 1242 2259 dicendi
1257 2214 1338 2258 auc-

269 2318 362 2376 tores
382 2307 700 2399 praestantissimos
717 2331 794 2374 esse
809 2308 994 2390 contendit,
1012 2331 1121 2399 neque
1136 2318 1207 2374 tam
1222 2307 1338 2374 studet

269 2448 357 2492 nova
372 2425 524 2514 prolerre
540 2447 642 2514 quam
656 2433 812 2490 veterum
826 2423 960 2490 illorum
976 2423 1181 2513 scriptorum
1201 2423 1242 2490 de
1263 2433 1337 2490 arte

269 2539 438 2607 rhetorica
458 2539 664 2608 sententiam
684 2562 701 2605 e
721 2538 874 2606 tenebris
894 2549 928 2605 et
947 2538 1117 2606 oblivione
1137 2563 1255 2607 eruere
1276 2562 1336 2606 no·

266 2679 377 2746 voque
397 2655 523 2723 lumine
544 2655 728 2721 illustrare.
754 2681 770 2718 «
792 2657 881 2745 Ego,
903 2654 1024 2745 inquit,
1047 2678 1099 2722 me
1122 2678 1225 2745 saepe
1247 2679 1335 2722 nova

268 2798 285 2835 «
306 2770 416 2838 videri
432 2771 543 2838 dicere
559 2769 727 2860 intelligo,
746 2793 821 2838 cum
836 2780 1016 2861 pervetera
1031 2770 1142 2837 dicam
1158 2770 1219 2838 sed
1238 2771 1335 2838 inau-

269 2915 285 2951 ‹<
306 2886 379 2954 dita
393 2886 565 2977 plerisque
583 2914 599 2950 n
617 2887 641 2951 2.
660 2890 847 2978 Postquam
863 2911 899 2954 se
920 2897 1091 2954 oratorem
1110 2911 1177 2954 non
1197 2911 1238 2954 ex
1257 2887 1334 2954 rhe-

266 3012 377 3070 torum
392 3001 535 3070 officinis
552 3001 613 3069 sed
629 3027 670 3069 ex
685 3002 890 3070 Academiae
907 3003 1028 3092 spatiis
1045 3003 1200 3071 extitisse
1216 3003 1333 3071 confrr-

265 3119 383 3200 mavit,
399 3119 482 3186 haec
494 3118 608 3187 addit:
625 3146 641 3182 «
655 3119 716 3186 llla
727 3119 816 3185 enim
827 3129 907 3186 sunt
919 3119 1086 3186 curricula
1097 3119 1333 3209 multiplicium

267 3234 545 3325 «variorumque
573 3258 769 3302 sermonum
797 3233 980 3325 inquibus
1006 3234 1158 3302 Platonis
1187 3235 1333 3325 primum

267 3377 283 3413 α
305 3360 385 3416 sunt
405 3351 575 3440 impressa
593 3349 744 3441 vestigia
765 3377 781 3414 »
803 3354 827 3417 ³.
851 3351 1026 3417 Platonem
1043 3360 1145 3418 vocat
1167 3377 1182 3413 α
1199 3374 1265 3417 non
1280 3349 1333 3416 in-

226 3455 229 3462 ’
267 3492 283 3528 ‹<
304 3464 481 3556 telligendi
502 3466 610 3532 solum
633 3465 694 3532 sed
714 3466 816 3534 etiam
836 3466 970 3533 dicendi
990 3465 1234 3557 gravissimum
1252 3489 1332 3532 auc-

267 3607 283 3643 «
304 3590 413 3647 torem
429 3591 462 3647 et
477 3581 682 3671 magistrum
698 3610 714 3646 n
731 3583 755 3649 4.
775 3585 961 3649 lsooratcm
977 3582 1024 3648 ait
1041 3609 1057 3645 ‹<
1074 3605 1237 3673 magnum
1254 3604 1332 3648 ora·
1361 3599 1363 3608 ’

266 3675 289 3758 «¹
303 3705 411 3762 torem
436 3705 469 3762 et
491 3698 678 3786 perlectum
700 3697 907 3787 magistrum
930 3725 946 3760 n
972 3697 1078 3764 multa
1099 3698 1273 3787 praeclare
1298 3707 1332 3764 et

264 3810 446 3901 scripsisse
458 3822 491 3878 et
502 3811 659 3879 docuisse
670 3814 693 3878 5.
707 3813 928 3880 Aristotelem
939 3812 1092 3904 queritur
1103 3836 1123 3879 a
1136 3812 1330 3880 rhetoribus

299 4047 325 4096 1.
347 4045 435 4105 Fam.,
454 4046 478 4105 1,
494 4045 519 4105 9,
535 4045 578 4096 23.

299 4127 324 4176 2.
347 4124 409 4185 Or.,
424 4125 449 4186 3,
468 4126 511 4176 12.

297 4205 322 4254 3.
345 4203 407 4264 Or.,
426 4204 512 4264 3,12.

298 4283 323 4339 4.
345 4283 407 4344 Or.,
423 4284 447 4344 3,
466 4285 509 4334 10.

296 4363 322 4414 5.
343 4363 435 4423 Brut,
454 4363 479 4425 8,
495 4364 538 4414 32.
