3062 5050
432 455 448 533 §
467 463 493 518 1.
515 473 744 520 -·nncnrnn1s
764 476 920 521 caaronns
940 477 1037 522 treats
1234 459 1269 522 83

201 611 300 678 facile
316 620 369 678 est
385 611 658 682 animadvertere
668 623 740 680 toto
751 612 837 680 libro
849 614 1079 681 defensionem
1092 615 1269 683 Tullianae

201 727 415 818 eloquentiae
430 728 608 796 contineri.
626 732 702 797 Non
718 739 788 796 tam
803 730 944 820 perfecti
959 729 1104 797 oratoris
1121 731 1269 822 speciem

203 842 407 911 adumbrare
423 843 544 913 Cicero
560 854 702 911 conatur
721 868 823 936 quam
844 845 976 913 Atticos
996 846 1193 937 profligare,
1212 857 1271 914 aut

201 958 323 1025 saltem
344 963 451 1026 Bruto
471 960 732 1051 persuaderent
748 960 791 1027 ab
807 960 931 1028 Atticis
952 961 1119 1040 discedat,
1142 962 1270 1030 Tullia-

200 1097 280 1141 nam
296 1074 526 1167 eloquentiam
540 1075 648 1166 pluris
664 1076 767 1144 faciat
784 1077 805 1142 ¹.
826 1080 896 1144 Hoc
915 1087 953 1142 ut
973 1078 1131 1158 alliceret,
1153 1079 1269 1147 multis

201 1190 299 1257 libris
326 1214 393 1258 non
422 1191 624 1282 indigebat3
652 1192 940 1260 enumerationem
966 1203 1080 1260 tamen
1106 1195 1270 1261 luminum

203 1306 369 1374 orationis
385 1309 398 1352 ²
413 1307 512 1374 facile
528 1307 730 1375 crediderim
746 1332 812 1375 non
829 1309 902 1376 sine
920 1333 982 1399 ope
1003 1309 1146 1376 alicuius
1164 1311 1270 1379 libelli

202 1422 328 1492 Graeci
356 1425 412 1491 vel
442 1423 556 1490 Latini
585 1425 840 1514 conscriptam;
867 1449 954 1516 quae
981 1426 1022 1492 de
1053 1426 1203 1492 numeris
1233 1438 1271 1494 ut

202 1541 309 1606 Bruto
325 1539 540 1606 satisfaceret
555 1543 567 1586 ³
583 1540 693 1607 fusius
708 1540 851 1608 tradidit
864 1543 888 1618 ¹¹,
904 1565 1066 1632 magnam
1081 1552 1213 1631 partem
1227 1543 1269 1610 ab

203 1655 387 1724 Isocrateis
422 1656 726 1748 Peripateticisque
760 1667 935 1724 mutuatus
969 1667 1032 1724 est.
1069 1659 1205 1740 Cetera,
1236 1659 1270 1725 ni

201 1771 312 1854 fallor,
334 1771 460 1854 omnia,
485 1772 588 1839 etiam
610 1796 697 1862 quae
722 1773 806 1839 artis
832 1782 924 1855 sunt,
946 1773 1056 1863 potuit
1076 1773 1149 1840 sinc
1173 1773 1270 1841 libris

202 1887 376 1955 scribere:
402 1887 483 1978 quid
507 1887 597 1955 enim
622 1889 652 1954 ei
675 1888 773 1956 libris
798 1912 884 1979 opus
909 1899 983 1956 erat
1006 1901 1044 1956 nt
1067 1900 1137 1957 tam
1161 1913 1271 1980 pauca

200 2004 411 2094 vulgataque
423 2004 464 2070 de
476 2004 624 2071 statibus
640 2006 664 2085 ⁵,
683 2005 724 2072 de
740 2003 960 2072 collocatione
976 2007 999 2087 ⁶,
1018 2005 1160 2096 aliisque
1177 2005 1271 2072 simi-

201 2118 291 2186 libus
311 2120 508 2210 proferret?
528 2121 625 2206 Quae
643 2144 725 2187 vero
749 2121 790 2188 ad
810 2131 993 2211 praecepta
1012 2121 1096 2189 artis
1112 2145 1178 2188 non
1193 2146 1271 2212 per-

200 2233 321 2316 tinent,
344 2258 412 2302 non
433 2237 534 2304 credo
555 2260 596 2303 ex
615 2236 684 2304 ullo
703 2237 789 2304 libro
809 2237 935 2304 hausta
949 2261 1025 2305 esse
1040 2264 1047 2319 ;
1065 2237 1168 2305 etiam
1183 2261 1270 2329 quae

202 2350 243 2418 de
264 2351 499 2441 superioribus
520 2352 653 2419 Latinis
678 2352 867 2422 Graecisve
888 2353 1112 2444 scriptoribus
1139 2353 1271 2421 rettulit
1326 2415 1329 2420 .

203 2467 397 2535 memoriter
414 2469 455 2536 ab
472 2491 511 2535 eo
526 2469 660 2558 prolata
675 2478 769 2559 puto,
783 2469 873 2559 quod
887 2468 970 2536 illud
986 2469 1027 2536 de
1039 2468 1270 2559 Aristophane

202 2583 391 2674 Eupolique
406 2587 572 2676 μνημονικὸν
589 2590 749 2676 ἁμάρτημα
767 2587 780 2630 ⁷
794 2585 915 2653 testari
929 2584 1076 2652 videtur.

213 2739 217 2746 ·
247 2704 379 2773 Paucas
392 2704 442 2767 De
455 2700 593 2790 Optimo
606 2703 740 2769 Genere
752 2710 926 2768 oratorum
940 2701 1097 2792 pagellas
1113 2701 1271 2770 Ciceroni

202 2814 333 2905 eripere
349 2839 460 2893 nemo,
477 2826 515 2882 ut
530 2816 660 2906 opinor,
680 2827 822 2884 conatus
838 2827 903 2897 est,
920 2816 969 2884 ita
984 2817 1203 2883 manifestum
1218 2827 1272 2883 est

203 2953 262 2997 eas
279 2931 320 2998 ab
340 2931 428 3022 ipso,
447 2955 484 2998 se
499 2932 612 3021 ipsum
628 2932 843 3014 defendente,
862 2956 938 3000 esse
954 2933 1179 3022 conscriptas.

246 3049 364 3137 Neque
395 3051 538 3114 Brutum
564 3071 644 3114 verc
675 3047 851 3117 Ciceronis
876 3071 961 3138 opus
987 3071 1065 3114 esse
1089 3048 1271 3139 quisquam

202 3162 393 3252 negaverit.
422 3163 498 3230 Etsi
527 3163 616 3229 enim
640 3163 675 3230 in
697 3164 759 3230 boc
783 3164 870 3230 libro
894 3163 1140 3232 conscribendo
1163 3163 1270 3231 variis

203 3276 407 3346 adiumentis
423 3302 508 3345 usus
524 3288 588 3360 est,
607 3278 753 3346 maxime
769 3279 874 3346 Attici
885 3279 999 3347 annali
1013 3290 1046 3346 et
1060 3279 1271 3370 superiorum

239 3531 262 3580 1.
285 3529 328 3582 Cf.
347 3529 586 3589 Schlittenbauer,
602 3529 654 3582 Die
673 3528 800 3582 Tendens
817 3547 866 3582 von
884 3529 995 3582 Ciceros
1011 3532 1122 3588 Orator,
1141 3531 1269 3591 maxime,

203 3628 230 3679 p.
249 3610 380 3669 183-181,
398 3610 529 3669 215-218,
547 3610 608 3670 226,
626 3610 756 3670 229-230,
772 3611 902 3671 237-238,
919 3611 980 3663 217.

164 3733 168 3742 .
238 3689 263 3739 2.
286 3689 539 3750 Οι».,39,135-40,
558 3690 619 3741 139.

238 3769 263 3819 3.
286 3769 349 3829 On,
367 3769 410 3829 41,
428 3769 498 3827 140;
515 3769 558 3829 52,
577 3770 637 3821 174.

238 3849 264 3899 4.
285 3849 348 3909 Or.,
373 3849 416 3909 41,
444 3849 556 3908 140-71,
587 3849 647 3901 236.
677 3849 758 3900 Illam
783 3850 817 3901 de
844 3850 970 3902 numeris
997 3850 1227 3920 disputationem,
1257 3869 1272 3901 a

204 3928 351 3980 Ciceronis
367 3945 453 3998 opere
469 3931 563 3998 primo
579 3929 708 3988 alienam,
725 3939 826 3998 postea
846 3929 880 3981 ab
901 3930 965 3999 ipso
985 3931 1107 3982 additam
1129 3930 1273 3982 contendit

204 4008 319 4069 Curcio,
340 4011 377 4060 Le
399 4025 483 4081 opere
504 4008 650 4065 retoriclae,
671 4027 699 4078 p.
723 4010 852 4060 175-183.
876 4009 945 4060 Eius
961 4019 1126 4079 argumenta
1140 4009 1272 4061 refutavit

204 4087 353 4148 Marchesi,
372 4090 461 4140 Atene
477 4105 492 4139 e
506 4089 604 4146 Romo,
623 4088 671 4149 VI,
690 4089 768 4149 1903,
786 4090 970 4159 p.191-192;
989 4090 1118 4142 198-200.

225 4163 263 4219 ’5.
286 4167 348 4228 Or.,
365 4169 408 4228 35,
426 4169 487 4218 121.

238 4249 264 4299 6.
286 4247 348 4309 On,
366 4248 408 4308 35,
426 4249 487 4298 122.

239 4328 264 4378 7.
286 4325 356 4388 Att,
373 4328 416 4388 12,
433 4328 634 4395 6,a1(=12‚
652 4329 677 4388 6,
695 4327 792 4397 3);of.
811 4328 873 4389 Or.,
891 4330 916 4388 9,
934 4328 976 4379 29.
