3062 5050
451 458 512 532 §la
535 491 567 499 —
588 477 656 526 cuin
676 477 850 518 scansurus
869 477 1018 519 nseuenrr
1232 462 1268 518 59

200 608 343 699 putandi
363 609 397 676 in
414 619 595 701 utramque
615 621 747 700 partem
767 611 982 692 induxerant,
1005 635 1114 703 neque
1136 622 1269 679 tantum

201 725 241 792 de
270 725 376 793 sinitis
406 727 520 793 causis
553 726 614 793 sed
640 726 681 794 dc
712 726 855 794 infinitis
882 727 1152 818 quaestionibus
1180 753 1267 819 quae

200 843 287 919 θέσεις
312 842 536 922 vocabantur,
566 842 799 932 disputabant.
837 846 922 910 Erat
947 842 981 909 id
1010 843 1146 933 quidem
1180 845 1268 911 anti-

201 981 316 1047 quum,
344 958 387 1024 ab
414 957 489 1047 ipso
514 958 699 1026 Aristotele
728 959 933 1041 factitatum,
958 959 1018 1026 sed
1048 983 1068 1026 a
1095 960 1267 1051 plerisque

200 1081 323 1161 postea
345 1073 552 1163 neglectum,
575 1075 690 1164 itaque
712 1075 832 1143 Cicero
851 1075 885 1142 in
910 1074 973 1142 hoc
995 1098 1031 1141 se
1052 1075 1269 1167 antiquorum

200 1187 360 1279 vestigiis
393 1189 554 1257 insistere
586 1214 653 1258 non
684 1191 852 1259 immerito
884 1191 1107 1282 gloriabatur.
1140 1192 1268 1279 Quam-

201 1327 303 1393 quam
318 1305 420 1395 paulo
436 1317 514 1374 ante
531 1330 607 1373 eum
618 1307 815 1375 Academici
831 1310 840 1352 ¹
857 1307 944 1375 hanc
955 1306 1121 1375 rationem
1136 1307 1268 1375 instau-

201 1442 277 1486 rare
298 1433 482 1511 coeperant
500 1449 506 1490 :
527 1450 543 1486 «
560 1427 658 1490 Nunc
674 1423 762 1490 enim
779 1451 809 1502 t),
828 1423 876 1492 ait
891 1425 1042 1492 Crassus
1057 1424 1091 1490 in
1110 1424 1211 1492 tertio
1227 1425 1268 1491 de

202 1536 359 1617 Oratore,
387 1539 516 1628 «apud
539 1539 726 1620 Philonem,
754 1563 854 1630 quem
882 1539 917 1606 in
941 1538 1127 1606 Academia
1149 1538 1268 1628 vigere

203 1677 219 1712 «
242 1651 355 1735 audie,
378 1653 480 1721 etiam
500 1654 621 1721 harum
642 1655 710 1722 iam
730 1678 912 1722 causarum
934 1655 1084 1745 cognitio
1103 1654 1268 1720 exercita-

203 1793 219 1828 «
240 1767 355 1858 tioque
376 1771 601 1838 celebratur»
621 1773 645 1837 2.
669 1773 755 1838 Eam
775 1770 927 1838 Philonis
948 1770 1113 1838 rationem
1133 1770 1269 1838 Aristo-

201 1883 309 1950 telcae
324 1884 469 1953 similem
485 1887 533 1954 ait
549 1887 670 1955 Cicero
689 1913 695 1954 :

241 2025 352 2108 ltaque
388 2028 466 2089 mihi
502 2050 630 2111 semper
667 2030 965 2112 Peripateticorum
1003 2030 1270 2110 Academiaeque

201 2116 399 2178 consuetudo
411 2118 450 2179 de
461 2119 610 2180 omnibus
623 2119 718 2180 rebus
734 2121 765 2181 in
781 2119 958 2181 contrarias
974 2119 1075 2200 partis
1091 2117 1270 2179 disserendi

201 2223 264 2265 non
280 2205 320 2265 ob
336 2225 407 2267 eam
426 2226 556 2268 causam
573 2208 677 2269 solum
698 2208 827 2290 placuit,
846 2208 930 2291 quod
951 2207 1044 2268 aliter
1064 2228 1126 2267 non
1147 2215 1267 2289 posset,

201 2291 277 2374 quid
293 2292 325 2354 in
341 2314 467 2377 quaque
483 2297 598 2358 reveri
614 2297 718 2358 simile
733 2306 820 2358 esset
835 2296 981 2371 inveniri,
999 2297 1055 2357 sed
1071 2296 1167 2358 etiam
1183 2294 1269 2378 quod

201 2390 287 2443 esset
301 2402 339 2443 ea
354 2403 504 2446 maxuma
519 2384 645 2446 dicendi
661 2386 856 2448 exercitatio.
875 2385 946 2464 Qua
962 2385 1112 2468 princeps
1128 2405 1205 2445 usus
1221 2392 1270 2445 cst

201 2469 405 2549 Aristoteles,
436 2473 551 2536 deinde
580 2495 653 2536 eum
682 2475 736 2556 qui
766 2475 867 2536 secuti
896 2482 980 2535 sunt.
1012 2473 1130 2535 Nostra
1162 2482 1268 2534 autem

202 2560 366 2635 memoria,
386 2562 495 2639 Pttto,
518 2584 613 2646 quem
634 2583 693 2624 nos
713 2563 897 2646 frequenter
917 2563 1107 2635 audivimus,
1132 2561 1270 2623 instituit

202 2646 263 2709 alio
278 2657 424 2732 tempore
445 2651 608 2713 rhetorum
629 2663 801 2734 praecepta
821 2652 957 2725 tradere,
975 2652 1038 2712 alio
1058 2650 1269 2733 philosopho-

202 2757 283 2798 rum.
302 2736 411 2814 Tusc.,
430 2745 458 2815 2,
476 2746 505 2815 3,
523 2747 560 2816 93
579 2741 619 2802 cl.
639 2741 711 2804 Nat.
728 2741 838 2812 Deor,
859 2748 885 2815 1,
903 2747 931 2815 5,
952 2747 998 2802 11.

247 2882 337 2947 Leve
352 2891 466 2950 tamen
482 2884 665 2951 discrimen
680 2885 769 2951 inter
784 2884 1028 2952 Aristoteleam
1044 2893 1078 2950 et
1093 2882 1270 2951 Academi-

203 3017 276 3061 cam
292 2998 458 3067 rationem
474 3024 550 3067 esse
567 3024 634 3067 non
648 3011 766 3091 negat,
785 3023 912 3091 easque
929 2999 977 3066 sic
994 2999 1200 3090 distinguit:

248 3143 304 3206 Sin
328 3142 444 3224 aliquis
468 3142 609 3204 extiterit
633 3143 805 3224 aliquando
829 3143 884 3225 qui
907 3143 1098 3204 Aristotelio
1121 3162 1211 3202 more
1231 3140 1270 3203 de

203 3234 350 3295 omnibus
366 3232 462 3293 rebus
478 3232 509 3293 in
525 3241 693 3314 utramque
708 3241 833 3315 partem
849 3232 953 3315 possit
968 3230 1075 3292 dicere
1090 3241 1122 3293 et
1137 3231 1168 3292 in
1184 3229 1270 3292 omni

203 3344 299 3385 causa
320 3322 399 3384 duas
426 3321 602 3383 contrarias
626 3321 788 3382 orationes
813 3320 995 3403 praeceptis
1021 3319 1106 3381 illius
1131 3319 1270 3403 cognitis

203 3412 362 3495 explicare
377 3422 435 3472 aut
450 3411 510 3470 ltoc
524 3411 695 3471 Arcesilae
711 3410 805 3471 modo
821 3421 852 3472 et
869 3410 1039 3472 Carneadi
1051 3408 1161 3470 contra
1176 3429 1270 3470 omne

203 3501 287 3583 quod
309 3500 511 3583 propositum
537 3499 579 3560 sit
601 3500 738 3561 disserat
759 3501 781 3573 ³,
808 3500 925 3582 quique
952 3498 992 3560 ad
1017 3519 1087 3560 eam
1114 3498 1270 3560 rationem

240 3699 263 3748 1.
282 3697 481 3767 Sophistarum
497 3715 610 3768 quoquc
624 3716 684 3750 eam
704 3699 934 3750 exercitationem
955 3697 1045 3750 fuisse
1063 3697 1187 3748 indicant
1202 3695 1270 3748 haec

204 3778 351 3830 Ciceronis
367 3777 470 3830 verba:
490 3797 502 3826 «
520 3775 675 3849 Σοφιστεύω
693 3779 776 3837 enim,
790 3778 875 3829 simul
890 3788 920 3828 ut
935 3796 985 3828 rus
999 3778 1130 3838 decurro,
1144 3785 1228 3846 atque
1243 3776 1272 3826 in

206 3878 217 3905 a
239 3858 363 3910 decursu
387 3856 472 3918 θέσεις
497 3877 574 3910 meas
598 3859 781 3910 commentari
802 3875 857 3909 non
881 3858 981 3910 desino
1002 3878 1026 3908 s.
1047 3856 1117 3916 Att.,
1141 3857 1166 3915 9,
1188 3857 1213 3916 9,
1236 3859 1270 3914 1;

203 3938 238 3993 cf.
255 3938 280 3998 9,
301 3939 325 3988 4.
341 3940 433 4002 Quem
448 3939 541 3990 locum
560 3939 678 3990 mirora
694 3938 871 3991 doctissimis
885 3938 954 3988 viris
970 3937 1018 4007 qui
1034 3937 1068 3989 de
1084 3955 1117 3988 ea
1132 3955 1162 3989 re
1179 3937 1271 4006 scrip-

204 4028 301 4071 serunt
317 4021 351 4088 (v.
370 4037 396 4088 g.
413 4036 466 4070 von
481 4018 589 4079 Arnim,
606 4019 668 4080 Dio,
684 4039 713 4089 p.
732 4020 791 4088 114)
809 4035 864 4070 nou
879 4018 1112 4069 animadversum.

240 4100 263 4150 2.
282 4099 323 4150 De
340 4099 403 4160 Or.‚
418 4100 443 4160 3,
463 4100 505 4159 28,
524 4101 584 4150 110.

238 4180 264 4230 3.
280 4179 367 4231 Recte
385 4180 419 4231 de
435 4179 489 4232 hoe
506 4179 570 4231 loco
587 4189 665 4231 notat
679 4197 733 4230 von
752 4178 850 4230 Arnim
870 4198 874 4230 :
895 4179 994 4230 «Dies
1012 4177 1115 4229 konnte
1136 4177 1271 4228 zunachst

206 4279 217 4307 ι(
234 4258 276 4310 als
292 4260 337 4311 ein
352 4259 551 4311 wcsentlicher
565 4259 755 4312 Unterschied
775 4260 827 4311 der
848 4259 983 4311 Methode
999 4257 1176 4311 ersclieinen.
1193 4257 1271 4309 Aber

207 4358 218 4388 a
234 4339 286 4391 wir
301 4338 445 4392 brauchen
459 4358 512 4391 nur
527 4339 718 4395 anzuuehmen
733 4339 800 4394 dass
820 4338 1005 4395 unmittelbar
1023 4338 1118 4390 hinter
1137 4338 1271 4390 einander
