3086 5040
271 447 287 532 ξ
299 461 325 518 6.
341 491 372 500 —
387 477 460 528 Quos
473 478 575 519 arcano
589 477 739 519 aucronns
753 477 920 528 ssoununos
934 478 1003 520 assu
1015 479 1208 521 annnnurun
1246 461 1281 520 15

208 610 316 692 potius
349 631 458 672 sumas
490 632 625 695 eamque
658 611 842 674 facultatem
871 612 1061 686 disserendi,
1093 635 1188 697 quam
1222 614 1280 677 tibi

207 723 229 760 a
244 701 416 762 rhetoricis
432 702 722 762 exercitationibus
737 713 906 784 acceptam
922 703 1138 784 amplificavit
1152 704 1280 765 Acade-

208 790 285 864 mia,
303 789 411 870 potius
427 789 489 850 huc
505 790 662 851 conferas,
680 789 752 851 Nat.
771 788 881 864 Deor.‚
899 795 928 865 2,
946 795 983 852 67
989 839 995 864 ,
1015 797 1082 853 168.

249 876 297 940 Cf.
319 877 407 939 Part.
429 877 499 952 On,
522 883 570 951 23,
594 884 646 952 793
670 878 738 952 07.,
761 882 810 953 34,
834 884 982 954 119-120;
1001 880 1104 955 Brut,
1127 886 1176 954 59,
1199 885 1276 956 2143

206 971 255 1040 67,
279 971 430 1042 236-237;
454 973 502 1041 70,
525 972 600 1042 247;
626 973 770 1043 43,161;
793 972 842 1042 45,
866 973 941 1044 167;
964 974 1013 1042 93,
1036 975 1114 1045 322;
1137 974 1185 1044 47,
1209 975 1277 1032 174.

208 1055 272 1133 Qui
301 1076 413 1117 omnes
441 1057 503 1118 loci
533 1056 572 1118 ab
603 1057 641 1118 iis
670 1076 751 1139 quos
780 1077 877 1139 supra
902 1059 944 1140 (p.
973 1059 1050 1140 2-5)‚
1079 1058 1279 1120 laudavimus

206 1144 398 1228 seiungendi
415 1165 479 1206 non
495 1154 580 1206 sunt.

206 1412 220 1485 g
235 1405 324 1470 6.-
341 1408 460 1486 Quos
472 1407 628 1476 Cicero
643 1413 848 1476 auctores
859 1413 900 1476 et
911 1425 1042 1493 quam
1059 1410 1276 1478 rationem

264 1522 531 1591 rhetoricam
556 1519 823 1607 sequendam
849 1541 945 1592 esso
967 1527 1217 1594 arbitretur.

249 1737 325 1801 Non
341 1734 382 1801 de
399 1735 558 1802 omnibus
578 1735 620 1802 iis
641 1735 699 1826 qui
714 1746 898 1827 praecepta
914 1736 1048 1804 dicendi
1064 1737 1276 1828 reliquerunt

206 1849 327 1917 Cicero
351 1849 441 1917 idern
468 1850 597 1918 iudicat
626 1850 687 1918 sed
717 1852 803 1919 alios
830 1876 897 1919 non
926 1853 1043 1943 magni
1072 1854 1164 1934 iacit,
1190 1855 1274 1922 alios

205 1975 318 2032 autem
340 1966 482 2034 summis
502 1978 602 2034 ornat
624 1967 796 2034 laudibus,
821 1995 837 2032 a
860 1968 1090 2059 scriptoribus
1112 1970 1196 2038 artis
1214 1972 1273 2052 »‚¹

205 2082 406 2172 aequalibus
425 2083 510 2164 suia,
529 2083 703 2173 anteponit
720 2083 930 2175 antiquiores
946 2085 1126 2175 quosdam,
1141 2089 1274 2153 isocra-

204 2205 284 2278 tem‚
298 2197 540 2280 Aristotelem3
558 2199 678 2265 horum
694 2199 861 2266 rationem
876 2191 1060 2267 oratoriam
1075 2201 1110 2266 in
1123 2201 1220 2268 libris
1232 2202 1273 2268 de

205 2314 351 2381 Oratore
366 2313 501 2381 tradere
518 2317 694 2381 0077377773.
707 2315 812 2383 Velut
821 2314 855 2381 in
866 2315 1062 2382 inventione
1079 2317 1272 2384 rhetoribus

203 2428 245 2496 iis
265 2429 335 2520 qui,
355 2432 589 2521 Hermagorae
609 2429 761 2521 vestigia
781 2431 902 2512 secuti,
925 2432 966 2498 de
987 2432 1134 2523 singulis
1150 2456 1273 2500 causa-

203 2569 277 2611 rum
294 2545 478 2635 generibus
494 2557 678 2637 praecepta
697 2547 827 2615 dabant
846 2549 996 2638 praefert
1011 2571 1070 2615 eos
1086 2549 1143 2639 qui
1158 2549 1272 2640 topica

202 2661 342 2728 tradunt
360 2661 404 2728 ad
418 2661 617 2728 universum
639 2687 748 2753 genus
769 2663 934 2730 orationis
954 2663 1172 2754 pertinentia.
1194 2666 1271 2733 Uti-

202 2776 369 2845 lissimam
396 2776 529 2844 iudicat·
548 2778 824 2845 exercitationem
852 2779 945 2846 illam
972 2803 1039 2870 qua
1064 2780 1270 2848 Aristoteles

202 2891 388 2982 discipulos
410 2917 491 2960 suos
510 2891 703 2960 instituisse
725 2896 832 2962 lertur
851 2904 888 2961 ut
907 2895 948 2961 de
967 2896 1136 2962 communi
1157 2897 1271 2987 aliqua

202 3007 402 3098 quaestione
431 3008 466 3075 in
494 3019 673 3099 utramque
703 3020 835 3100 partem
865 3010 1090 3100 disputetur:
1119 3011 1153 3077 id
1181 3011 1269 3078 enim

201 3124 318 3214 magni
333 3125 479 3192 oratoris
495 3125 669 3215 proprium
690 3149 767 3192 esse
785 3135 822 3191 ut
843 3150 862 3192 a
883 3126 1050 3217 singulari
1071 3150 1110 3193 ac
1130 3126 1269 3194 delinita

236 3367 260 3416 1.
280 3385 292 3414 7
310 3366 473 3436 Scriptores
489 3368 586 3418 artis»
606 3368 732 3435 (auteurs
747 3368 781 3420 de
798 3368 934 3436 manuele)
949 3378 1030 3420 vocat
1042 3369 1144 3421 Cicero
1158 3387 1208 3421 eos
1219 3370 1268 3440 qui

202 3445 236 3496 de
250 3455 310 3497 arte
326 3444 470 3497 rhetorica
486 3446 602 3498 libellos
618 3448 645 3498 in
658 3447 891 3499 adulescentibus
906 3449 1071 3500 erudiendis
1087 3450 1267 3519 usurpandos

201 3523 428 3576 conscribebant.
446 3525 488 3576 Cl.
510 3526 546 3578 de
562 3526 624 3587 Ο7.,
647 3529 671 3586 1,
695 3528 737 3586 25,
760 3527 827 3583 113;
849 3529 874 3585 3,
896 3528 939 3588 19,
964 3529 1013 3586 70,
1035 3529 1091 3588 Inv,
1112 3530 1137 3588 1,
1159 3531 1201 3589 11,
1222 3531 1265 3581 16.

204 3603 366 3658 Thesaurus
380 3603 496 3674 linguae
509 3606 639 3666 Latinae,
659 3607 695 3667 11,
712 3609 773 3667 672,
792 3608 887 3659 24-29.

238 3686 262 3735 2.
286 3705 298 3734 a
323 3685 432 3754 Scripsi
452 3685 542 3754 igitur
560 3686 730 3738 Aristotelio
751 3704 830 3738 more
850 3705 933 3756 quem
959 3686 992 3738 ad
1013 3687 1127 3739 modum
1152 3689 1266 3758 quidem

201 3765 285 3825 volui,
304 3774 362 3816 tres
378 3763 469 3816 libros
484 3765 512 3816 in
527 3766 720 3834 disputatione
734 3783 765 3817 30
780 3765 896 3834 dialogo
912 3765 947 3818 de
965 3767 1086 3818 Oratore
1101 3785 1173 3836 quos
1188 3768 1265 3819 arbi-

202 3853 262 3896 tror
277 3844 398 3896 Lentulo
414 3853 462 3896 tuo
477 3845 537 3896 fore
552 3863 608 3896 non
623 3845 733 3897 inutilis
747 3865 751 3904 ;
775 3845 930 3898 abhorrent
947 3846 1021 3897 enim
1036 3864 1051 3896 a
1068 3848 1265 3900 communibus

201 3925 360 3995 praeceptis
374 3935 457 3995 atque
473 3942 581 3977 omnem
598 3925 781 3998 antiquarum
796 3934 824 3979 ct
839 3925 1037 3978 Aristoteliam
1050 3935 1077 3980 et
1090 3928 1266 3980 Isocratcam

202 4004 339 4057 rationem
367 4005 520 4056 oratoriam
545 4005 781 4074 complectuntur.
809 4027 820 4055 u
848 4007 936 4066 Fam„
964 4008 988 4067 1,
1014 4008 1039 4066 9,
1067 4007 1109 4057 23.
1133 4008 1263 4059 Νο777177777

202 4101 306 4154 quaero
321 4084 394 4136 unde
410 4084 512 4136 Cicero
531 4085 688 4137 doctrinam
709 4103 788 4137 suam
809 4085 945 4146 hauserit,
967 4096 1062 4137 utrum
1082 4104 1115 4137 ex
1136 4086 1264 4156 ipsorum

203 4183 215 4211 77
236 4163 415 4232 antiquorum
440 4185 451 4213 7
476 4162 570 4225 libris,
596 4183 630 4215 an
652 4183 685 4216 ex
706 4164 939 4217 Academicorum
964 4166 1262 4235 Peripateticorumve,

202 4242 359 4314 aequalium
386 4260 512 4295 suorum.
540 4243 657 4295 Tantum
684 4244 875 4297 animadverto
900 4245 967 4316 quid
995 4246 1057 4315 ipse
1081 4246 1116 4297 de
1140 4247 1264 4318 antiquis

190 4319 365 4374 ¹rhetoribus
381 4322 512 4374 senserit.
