3086 5040
269 443 305 500 ⁶28
407 459 500 500 CAPUT
519 459 550 499 ll.
571 471 604 482 ···
624 459 693 508 QUID
713 458 727 495 (l
744 457 881 508 Arrianis
897 457 911 494 1)
931 457 1034 498 (11011110
1053 458 1202 498 DEBUERl'l'

270 594 369 684 plane
384 591 503 683 ignota
519 591 643 660 luerint
659 616 719 660 uec
735 601 814 658 ante
836 595 1071 682 Hermagorae
1087 601 1222 682 tempus
1239 615 1339 658 exeo·

271 709 392 800 gitata.
412 710 475 776 Sec
490 708 553 776 hoo
569 719 662 776 certo
677 707 814 798 probari
830 706 948 798 nequit
964 708 986 772 ¹.

316 823 494 892 Difficilius
517 823 743 916 respondetur
762 823 805 889 iis
825 847 912 914 quae
935 822 1128 890 obiciuntur
1150 822 1191 890 de
1214 847 1340 914 genere

271 939 442 1008 scribendi
469 965 476 1007 ε
504 939 678 1007 latendum
703 949 756 1006 est
783 939 931 1006 enimin
958 937 1164 1029 quibusdam
1191 963 1232 1006 ex
1255 939 1340 1007 locis

270 1081 356 1147 quos
386 1057 535 1148 Spengel
562 1055 701 1146 collegit
731 1065 765 1121 et
800 1058 993 1122 Isocrateos
1024 1054 1169 1145 putavit,
1200 1056 1339 1122 crebros

269 1172 438 1240 vocalium
454 1196 641 1240 concursus
658 1171 791 1262 aliaque
813 1170 991 1262 asperiora
1011 1170 1155 1237 inveniri
1175 1194 1262 1260 quae
1285 1171 1340 1238 vix

271 1290 414 1358 Isocrati
429 1287 533 1355 tribui
549 1311 652 1378 posse
667 1287 860 1354 videantur.
879 1288 925 1354 At
936 1310 1003 1353 non
1019 1287 1049 1353 si
1065 1286 1203 1376 quidam
1217 1287 1282 1354 loci
1298 1311 1341 1354 ex

270 1403 358 1470 falsa
385 1413 458 1469 arte
483 1403 633 1494 excerpti
659 1413 738 1470 sunt
765 1405 789 1483 2,
817 1401 1086 1470 concludendum
1111 1412 1164 1468 est
1190 1402 1340 1469 omnium

270 1518 424 1585 eamdem
449 1517 556 1586 luisse
579 1517 759 1609 originem,
784 1541 859 1585 cum
884 1517 975 1608 apud
999 1517 1156 1585 diversos
1181 1517 1339 1586 diversae

270 1633 394 1702 aetatis
411 1633 595 1724 scriptores
612 1635 782 1724 legantur.
797 1633 913 1701 Potuit
923 1657 1057 1724 quoque
1074 1656 1131 1700 ars
1146 1633 1204 1700 illa
1217 1657 1284 1700 non
1296 1634 1339 1701 ab

270 1751 345 1841 ipso
360 1753 510 1818 Isocrate
527 1750 588 1818 sed
604 1750 646 1818 ab
663 1750 777 1840 aliquo
793 1738 866 1816 eius
889 1750 1044 1817 auditore
1060 1749 1242 1832 conscribi,
1259 1750 1340 1817 doc-

268 1866 394 1933 trinam
410 1865 580 1956 magistri,
599 1889 665 1933 non
680 1866 757 1956 ipsa
771 1866 880 1932 verba
896 1868 1063 1934 referente
1073 1870 1098 1932 ³.
1112 1868 1253 1935 Certum
1264 1866 1339 1956 qui-

270 1981 347 2049 dem
372 1992 425 2050 est
454 2005 529 2048 eam
558 1992 666 2050 artem
695 2005 771 2050 cum
800 1981 970 2049 rhetorica
998 1982 1153 2050 doctrina
1182 2005 1269 2073 quae
1298 2006 1340 2048 ex

272 2097 434 2166 Isocratis
450 2098 662 2166 orationibus
679 2097 810 2168 eruitur
824 2098 949 2188 optime
966 2122 1157 2189 congruere
1176 2099 1201 2163 ¹¹.

314 2218 390 2282 Non
412 2225 465 2282 est
486 2239 570 2306 ergo
594 2239 654 2282 cur
675 2225 822 2305 negetur
846 2215 967 2283 Cicero
992 2214 1174 2305 quiequam
1198 2213 1240 2280 ab
1266 2217 1340 2281 Iso-

271 2329 375 2397 cratis
391 2340 464 2397 arte
480 2330 650 2400 hausisse.
669 2330 736 2400 Sed
757 2331 860 2397 etiam
881 2330 910 2397 si
931 2354 988 2398 ars
1007 2330 1065 2397 illa
1081 2339 1140 2397 aut
1154 2353 1339 2420 numquam

271 2446 314 2513 ab
330 2449 481 2514 Isocrate
497 2446 691 2538 conscripta
710 2457 803 2514 esset
824 2456 882 2514 aut
903 2445 1079 2515 Ciceronis
1099 2455 1250 2536 tempore
1271 2445 1339 2513 iam

270 2585 337 2628 non
370 2561 552 2643 extitisset,
588 2571 723 2656 poterat
752 2562 873 2631 Cicero
905 2564 1113 2629 Isocrateam
1149 2561 1339 2630 doctrinam

270 2702 311 2744 ex
326 2677 383 2744 illo
398 2678 484 2745 libro
501 2677 699 2769 depromere
720 2701 786 2768 quo
807 2673 1012 2745 Aristoteles
1029 2677 1245 2769 antiquorum
1262 2677 1339 2744 rhe-

269 2805 381 2861 torum
403 2794 552 2861 rationes
573 2795 771 2884 collegerat.
795 2797 867 2861 Hoc
892 2793 1013 2862 Cicero
1038 2793 1105 2860 iam
1125 2794 1159 2859 in
1179 2793 1275 2861 libris
1297 2794 1338 2860 de

271 2909 468 2977 Inventione
495 2909 738 3000 componendis
764 2934 848 2977 usus
878 2920 953 2976 erat
981 2911 1014 2990 ⁵3
1041 2908 1142 2976 huius
1172 2908 1275 2976 etiam
1304 2909 1339 2975 in

269 3025 366 3093 libris
397 3024 438 3091 de
467 3027 612 3094 Oratore
642 3025 795 3092 meminit
822 3027 845 3090 ⁶.
878 3027 929 3091 Ex
958 3024 1169 3092 orationibus
1204 3048 1338 3116 quoque

205 3223 206 3226 Ἴ
272 3141 433 3209 Isocratis
463 3141 631 3232 quaedam
662 3141 783 3210 Cicero
813 3141 853 3208 dc
883 3141 956 3208 eius
986 3140 1141 3208 doctrina
1170 3140 1339 3208 rhetorica

272 3281 405 3324 sumere
421 3268 567 3347 poterat.

315 3375 359 3440 Et
378 3397 413 3439 re
434 3373 570 3464 quidem
589 3397 671 3440 vera
692 3373 869 3441 Ciceronis
890 3372 1045 3440 doctrina
1067 3372 1238 3440 rhetorica
1262 3396 1339 3440 cum

271 3492 444 3556 lsocratea
459 3489 493 3556 in
506 3489 712 3580 quibusdam
728 3489 901 3556 notatione
917 3488 1031 3580 dignis
1048 3487 1228 3556 consentit.

307 3679 331 3727 l.
357 3677 400 3728 Cs.
432 3677 570 3737 Sheehan,
600 3679 642 3729 De
668 3674 728 3746 fide
757 3677 830 3729 artis
858 3676 1018 3730 rhetoricae
1048 3677 1172 3729 Isocrati
1200 3676 1334 3732 tributae.

270 3777 287 3827 p
306 3837 330 3887 2.
350 3836 489 3896 sneehan,
507 3856 534 3906 p.
554 3837 596 3888 47.

305 3917 330 3968 3.
349 3916 448 3977 Plund,
470 3935 498 3986 p.
520 3917 572 3967 22:
596 3916 690 3978 Blass,
709 3916 762 3970 Die
780 3917 902 3969 attische
919 3915 1144 3972 Beredsamleit.
1168 3919 1204 3978 ll,
1226 3937 1253 3987 p.
1276 3918 1339 3970 106-

271 3997 335 4055 ton
349 3995 457 4057 Christ,
471 3995 635 4048 Geschichte
644 3995 696 4049 der
707 3995 903 4066 griechischen
917 3996 1082 4056 litterator,
1097 3997 1189 4068 §2683
1204 3998 1337 4060 Navarre,

269 4075 358 4128 Essai
372 4094 424 4127 sur
438 4075 467 4128 la
481 4075 644 4148 rhe'torique
657 4095 780 4150 grecque
796 4085 881 4128 arant
895 4076 1030 4137 Arietate,
1049 4096 1078 4150 p.
1093 4079 1154 4132 189.

306 4157 331 4207 4.
349 4155 488 4216 Sheehan,
505 4176 534 4226 p.
551 4157 642 4208 36-40.

306 4236 331 4287 5.
349 4236 418 4296 lnv.,
436 4237 460 4297 2,
478 4238 502 4296 2,
522 4237 545 4288 6.

307 4316 331 4368 6.
351 4316 393 4368 De
409 4315 471 4378 Or.,
488 4317 513 4378 2,
530 4317 573 4380 38,
591 4317 652 4370 160.
