3062 5050
259 466 295 522 58
372 482 465 522 CAPUT
485 482 526 522 III.
550 495 584 506 -“
602 482 671 532 QUID
692 481 925 523 RECENTIORIBUS
944 482 1047 522 CICERO
1067 482 1215 522 DEBUEIIIT

261 614 463 706 sumpsisse.
485 615 550 683 Diu
566 614 703 705 quidem
723 614 919 682 Academici
941 613 1146 682 rhetoricam
1166 615 1327 706 neglexe-

260 743 338 798 rant
360 733 391 812 1;
418 732 479 798 sed
501 731 557 798 ille
573 755 673 822 quem
696 731 817 800 Cicero
844 730 1049 823 magistrum
1076 730 1208 813 habuit,
1233 731 1329 798 Philo

261 847 479 928 Larissaeus,
510 847 584 914 sola
611 846 827 937 philosophia
856 870 924 915 non
951 857 1144 927 contentus,
1173 848 1328 938 eloquen-

259 963 343 1031 tiam
363 985 497 1054 quoque
522 963 684 1031 docuerat
703 965 726 1029 2.
752 965 840 1030 Eum
859 972 980 1053 postea
1001 963 1059 1030 alii
1083 962 1206 1030 imitati
1226 973 1326 1045 sunt;

260 1079 321 1146 sed
336 1089 521 1169 praecepta
536 1078 620 1146 artis
633 1102 720 1170 quae
736 1078 951 1146 tradiderunt
964 1080 1126 1169 pleraque
1138 1101 1204 1147 non
1214 1078 1328 1147 viden·

258 1205 315 1263 tur
331 1220 350 1263 a
366 1206 556 1263 ceterarum
573 1195 766 1263 scholarum
780 1194 881 1262 valde
898 1194 1004 1262 luisse
1021 1194 1170 1262 diversa.

304 1312 414 1379 Multa
433 1323 525 1379 certe
541 1310 823 1379 Academicorum
841 1320 1025 1400 praecepta
1043 1310 1165 1379 Cicero
1186 1310 1220 1376 in
1235 1310 1327 1378 libel-

259 1429 328 1494 lum
344 1427 385 1495 de
402 1427 648 1494 Partitionibus
663 1426 822 1494 oratoriis
839 1426 1002 1508 contulit3
1021 1426 1111 1517 quod
1126 1426 1200 1515 ipse
1221 1436 1328 1494 testa-

259 1552 315 1610 tur
333 1569 340 1610 :
360 1571 375 1606 a
394 1542 579 1632 Expositos
600 1542 661 1609 tibi
678 1566 797 1609 omnes
819 1552 899 1609 sunt
919 1541 1088 1610 oratoriae
1109 1541 1324 1632 partitiones,

263 1687 279 1722 «
300 1682 387 1750 quae
399 1658 689 1749 quidememedia
699 1657 758 1725 illa
768 1668 886 1725 nostra
896 1657 1082 1726 Academia
1094 1659 1325 1737 ellloruerunt,

262 1799 410 1865 «neque
434 1774 507 1842 sine
530 1799 571 1841 ea
595 1783 654 1841 aut
679 1773 824 1840 inveniri
852 1784 911 1841 aut
937 1773 1082 1864 intelligi
1105 1784 1164 1841 aut
1188 1775 1328 1841 tractari

262 1917 278 1955 a
299 1900 445 1982 possunt
462 1917 477 1953 >r
494 1894 518 1956 3.
538 1891 729 1957 Assumunt
744 1913 812 1956 non
827 1889 910 1956 nulli
926 1899 1100 1980 tamquam
1116 1913 1157 1955 ex
1172 1888 1236 1956 hoc
1256 1891 1329 1957 loco

260 2006 542 2086 demonstratum,
565 2005 742 2074 Ciceronis
765 2004 970 2072 Partitiones
991 2004 1160 2073 oratorias
1181 2028 1259 2072 esse
1286 2004 1328 2072 ad

258 2122 403 2189 verbum
418 2146 435 2187 e
451 2123 585 2190 Graeco
601 2121 744 2188 alicuius
761 2121 957 2188 Academici
973 2121 1087 2188 libello
1103 2145 1288 2211 expressas
1302 2123 1326 2188 ¹¹.

262 2237 328 2305 Sed
353 2237 387 2304 id
409 2237 530 2306 Cicero
553 2261 619 2304 non
640 2237 786 2303 affirmat
808 2262 815 2303 :
838 2236 887 2304 ait
905 2248 1038 2303 tantum
1059 2236 1263 2326 partitiones
1290 2261 1330 2304 ex

260 2352 447 2420 Academia
463 2352 664 2433 ellloruisse,
678 2352 712 2419 id
728 2362 781 2419 est
793 2375 869 2419 eam
884 2352 1073 2420 doctrinam
1089 2352 1330 2420 Academicam

261 2493 352 2551 esse,
369 2493 437 2536 non
457 2468 558 2535 unius
579 2467 775 2536 Academici
800 2468 925 2535 librum
945 2493 965 2535 a
985 2493 1022 2535 se
1037 2467 1072 2535 in
1092 2469 1250 2536 Latinam
1266 2469 1329 2536 lin-

261 2609 366 2676 guam
402 2608 617 2653 conversum.
653 2588 771 2676 ltaque
803 2594 919 2651 errant
948 2584 1006 2675 qui
1034 2608 1267 2677 quaecumque
1296 2586 1329 2653 in

261 2700 508 2768 Partitionibus
523 2700 702 2767 inveniunt
717 2700 923 2767 Academica
939 2723 1016 2767 esse
1032 2701 1239 2768 concludunt
1254 2703 1278 2768 ⁵.

306 2819 358 2882 Ex
381 2816 424 2883 iis
448 2841 535 2907 quae
560 2816 759 2884 Academici
780 2817 821 2882 de
847 2827 920 2883 arte
944 2816 1078 2883 dicendi
1102 2817 1327 2907 protulerant,

259 2932 342 2999 nihil
358 2932 517 3002 Ciceroni
537 2933 655 3000 utilius
670 2932 783 3000 visum
805 2943 859 3000 est
878 2955 981 3022 quam
1001 2931 1091 3023 quod
1111 2954 1240 2999 morem
1260 2931 1330 2998 dis-

296 3140 320 3189 1.
338 3138 380 3190 cf.
397 3156 451 3191 von
465 3138 573 3200 Arnim,
590 3138 681 3192 leben
697 3137 755 3191 und
775 3140 870 3191 Werle
885 3137 936 3191 des
952 3138 1005 3190 Dio
1019 3155 1069 3190 ron
1081 3139 1184 3198 Prusa,
1203 3157 1232 3208 p.
1250 3139 1292 3190 84.

296 3220 323 3268 2.
341 3219 438 3280 Tusc,
457 3220 482 3278 2,
499 3220 524 3279 3,
541 3220 567 3270 9.

298 3299 324 3348 3.
342 3299 419 3350 Part.
435 3316 489 3359 or.,
507 3299 550 3359 40,
569 3299 628 3350 139.

296 3378 321 3428 4.
345 3397 357 3426 a
379 3378 437 3430 Der
456 3377 654 3430 akademische
674 3376 778 3429 Abriss
798 3378 851 3430 der
869 3377 1009 3429 Rhetorilr
1029 3377 1083 3429 deu
1102 3377 1206 3430 Cicero
1229 3378 1257 3429 in
1276 3378 1330 3430 den

260 3457 432 3510 Partitiones
462 3456 604 3510 r'tlrersetzt
636 3456 684 3509 hat
712 3477 734 3506 n.
764 3458 814 3508 W.
846 3457 939 3516 Kroll,
970 3455 1089 3509 Studien
1119 3456 1189 3510 tiber
1219 3456 1329 3511 Ciceros

262 3535 368 3604 Schrist
392 3536 427 3589 de
454 3538 582 3610 Oratore,
609 3536 797 3589 Rheinisches
822 3538 961 3596 Muscam,
994 3538 1028 3588 N.
1059 3538 1090 3588 F.
1117 3537 1219 3598 LVIII,
1249 3538 1326 3598 1903,

260 3636 288 3686 p.
306 3617 356 3669 584
375 3637 386 3664 a
406 3617 562 3669 ...Welche
579 3616 716 3669 letzteren
737 3617 929 3686 (partitiones)
946 3617 1048 3669 Cicero
1066 3615 1269 3670 ausdruclliclr
1287 3617 1329 3668 als

260 3697 306 3748 die
346 3696 556 3766 Ueberseteatng
590 3697 669 3749 einer
704 3696 923 3748 akademischen
961 3696 1068 3748 Schrilt
1103 3696 1269 3749 bezeichnet
1303 3717 1327 3751 n.

260 3777 309 3826 W.
337 3775 429 3836 Kroll,
459 3775 554 3828 Cicero
580 3775 637 3828 rand
659 3775 707 3828 die
731 3775 875 3836 Rhetoril,
900 3778 980 3829 Nede
1003 3775 1182 3829 Jahrhr'tclrer
1203 3777 1251 3844 sair
1276 3775 1329 3828 das

260 3855 420 3908 llessisclre
438 3856 587 3916 Altertum,
606 3856 644 3908 Vl
666 3858 734 3924 (XI),
757 3857 835 3916 1903,
851 3855 965 3925 {pota
985 3877 997 3904 a
1019 3857 1137 3908 Ciceros
1159 3856 1330 3909 Partitiones

263 3957 275 3984 a
292 3937 338 3988 die
354 3953 404 3987 aus
420 3936 510 3988 einem
528 3935 748 3988 akademischen
763 3936 939 3989 Handbuche
954 3935 1100 3988 fibersetzt
1117 3937 1179 3988 sind
1197 3957 1221 3988 r.
1240 3935 1327 3996 Ibid„

260 4035 289 4086 p.
307 4017 368 4068 688.
392 4036 403 4064 «
425 4016 457 4066 lu
477 4015 691 4085 partitionibus,
709 4015 759 4067 ubi
774 4016 814 4067 nil
830 4016 897 4068 lecit
912 4017 967 4067 nisi
983 4025 1014 4067 ut
1027 4015 1189 4068 Academici
1209 4016 1330 4068 alicuius

263 4095 421 4148 «Philonis
445 4095 473 4147 ni
498 4095 623 4146 fallimur
649 4106 802 4166 praecepta
828 4097 912 4149 modo
938 4097 1046 4149 Graece
1074 4097 1178 4148 tradita
1205 4106 1330 4149 uerteret

263 4196 275 4224 u
291 4176 397 4228 additis
411 4175 548 4245 exemplis
559 4177 711 4246 perpaucis
723 4177 834 4228 Latinis
844 4197 866 4228 r.
881 4178 969 4238 Marx,
981 4175 1021 4228 ad
1030 4178 1095 4229 Her.
1107 4176 1230 4252 proleg„
1244 4196 1272 4247 p.
1285 4177 1328 4228 8l.

297 4258 322 4308 5.
350 4255 442 4316 Kroll,
471 4255 571 4316 Ibid.;
595 4257 728 4320 Wallies,
752 4277 780 4327 p.
805 4259 848 4319 11,
877 4274 961 4328 quem
987 4256 1093 4308 refellit
1118 4258 1261 4318 Hammer,
1289 4259 1330 4310 De

266 4336 407 4389 Ciceronis
426 4334 546 4412 Topicis,
564 4355 592 4406 p.
610 4337 705 4388 22-23.
