3062 5050
251 430 286 489 84
322 449 415 489 CAPUT
428 449 467 489 tv.
485 463 517 472 ·-
533 448 602 498 QUID
614 448 765 490 CICERONIS
779 449 809 490 ΙΝ
822 449 899 490 ARTE
913 449 1079 490 Rubroalcn
1092 450 1247 492 rnornwm

252 593 425 650 oratorum
445 581 582 672 scriptis
603 582 815 650 orationibus
837 585 860 665 ¹,
887 606 986 650 suum
1010 592 1123 650 tamen
1148 583 1189 651 de
1213 583 1322 651 homi-

252 698 352 765 nibus
372 708 406 765 et
425 698 467 764 de
487 698 681 789 eloquentia
696 698 857 766 iudicium
871 699 1024 791 protulit.
1041 703 1160 790 Neque
1176 706 1323 786 possunt

253 839 293 881 ea
317 814 467 906 quaeda
494 825 566 882 arte
589 815 725 882 dicendi
749 815 1011 906 interponuntur
1035 839 1076 882 ex
1097 837 1164 882 uno
1187 815 1322 882 Graeco

251 930 338 997 libro
361 930 486 997 hausta
509 953 599 1011 csse,
622 955 697 998 cum
724 931 792 998 sint
815 931 958 1022 passim,
980 931 1158 999 occasione
1179 928 1322 996 laudan·
1393 985 1398 998 .

251 1044 370 1112 dorum
385 1045 732 1136 vituperandorumve
748 1046 934 1130 hominum,
952 1070 1107 1137 aspersa.
1321 1050 1325 1058 '

296 1161 444 1228 Maxime
464 1161 579 1252 itaque
603 1161 684 1229 mihi
704 1162 865 1231 videntur
888 1186 1002 1230 errare
1025 1161 1134 1253 siqui
1157 1161 1199 1229 ad
1221 1160 1321 1230 Cice·
1388 1203 1390 1206 -

251 1277 344 1344 ronis
367 1277 495 1368 scripta
515 1278 685 1346 rhetorica
707 1281 919 1346 transferunt
941 1302 1028 1369 quae
1050 1278 1092 1345 de
1114 1276 1319 1369 quibusdam

251 1392 328 1459 aliis
344 1394 505 1483 operibus
520 1394 638 1462 iocans
654 1396 833 1462 consessus
850 1404 923 1463 est:
944 1422 960 1457 ι(
978 1394 1102 1462 Dices:
1122 1421 1138 1458 a
1155 1393 1222 1479 Qui
1237 1392 1320 1460 talia

252 1535 268 1571 a
290 1509 501 1576 conscribis?
513 1538 529 1574 »
544 1510 704 1602 a’uo'ypaqoe
718 1521 810 1594 sunt,
824 1511 951 1578 minore
966 1510 1082 1578 labore
1097 1511 1182 1577 fiunt
1192 1535 1200 1591 3
1212 1509 1318 1576 verba

252 1651 268 1686 «
289 1635 423 1692 tantum
447 1626 576 1710 adsero,
603 1627 726 1718 quibus
752 1627 888 1694 abundo
911 1629 935 1692 2.
962 1654 977 1690 u
1003 1626 1138 1694 Etenim
1162 1625 1264 1693 etiam
1289 1624 1318 1690 si

249 1764 368 1807 verum
382 1751 477 1808 esset
488 1742 656 1833 quaedam
668 1743 741 1810 eius
753 1742 881 1832 scripta
891 1742 972 1808 nihil
982 1765 1059 1809 esse
1068 1741 1134 1808 nisi
1147 1739 1317 1833 ἀπόγραφα,

249 1855 283 1923 id
303 1866 394 1924 certe
415 1857 455 1924 de
475 1858 572 1925 libris
593 1859 752 1926 oratoriis
772 1883 839 1925 non
864 1860 1005 1926 valeret.
1030 1857 1121 1926 Nihil
1142 1857 1216 1948 ipse
1238 1879 1318 1923 con-

190 1993 193 1999 ·
248 1974 362 2040 fessus
391 1985 444 2040 est
472 1974 540 2041 nisi
568 1975 610 2043 de
637 1973 680 2040 iis
710 1974 944 2064 philosophiae
973 1973 1070 2041 libris
1104 1996 1203 2064 quos,
1240 1982 1317 2062 post

250 2088 380 2156 Tulliae
399 2098 541 2156 mortem
561 2089 734 2156 celerrime
751 2089 915 2167 coniecit3
936 2089 1105 2156 rhetorica
1122 2111 1205 2155 vero
1225 2089 1315 2154 lente

249 2215 283 2271 et
312 2203 569 2272 accuratissime
598 2204 789 2294 composuit
816 2207 840 2270 3.
872 2204 1014 2272 Accedit
1044 2204 1134 2296 quod
1167 2203 1208 2271 de
1242 2213 1314 2270 arte

249 2319 382 2386 dicendi
410 2319 542 2386 lacilius
569 2329 643 2386 erat
672 2319 820 2386 scribere
848 2343 950 2410 quam
974 2321 1016 2387 de
1037 2319 1316 2411 philosophorum

248 2435 522 2503 contentionibus
544 2435 805 2526 spinosioribus,
827 2436 1029 2526 praesertim
1050 2435 1177 2503 oratori
1197 2434 1254 2525 qui
1274 2433 1315 2500 de

246 2574 287 2618 ea
316 2574 419 2640 saepe
454 2551 655 2642 cogitasset,
691 2563 736 2633 ct,
771 2575 847 2618 cum
881 2552 922 2618 de
956 2574 1090 2619 summa
1122 2550 1315 2642 eloquentia

246 2676 378 2757 ageret,
402 2690 499 2733 suam
519 2668 727 2735 defenderet.
750 2668 865 2754 Quare
886 2677 977 2734 rectc
998 2667 1118 2736 Cicero
1139 2690 1238 2734 snum
1261 2690 1310 2748 se,

246 2805 312 2848 non
342 2782 484 2849 aliorum
513 2782 674 2849 iudicium
702 2783 737 2850 in
767 2783 948 2851 Oratorem
974 2783 1159 2851 contulisse
1185 2787 1312 2872 Leptae

247 2897 393 2966 scribit:
423 2926 439 2960 «
470 2900 655 2966 Oratorem
681 2921 793 2966 meum
816 2908 913 2965 tanto
937 2922 1039 2988 opere
1068 2923 1087 2965 a
1115 2909 1149 2965 te
1175 2896 1313 2988 probari

248 3041 264 3076 ι(
285 3013 504 3118 vebemcnter
524 3014 669 3104 gaudeo.
688 3013 774 3080 lllihi
791 3013 928 3104 quidem
949 3014 998 3081 sic
1018 3013 1223 3104 persuadeo,
1245 3036 1309 3094 me,

248 3156 264 3192 a
286 3130 459 3217 quicquid
481 3131 670 3197 habuerim
696 3131 824 3197 iudicii
846 3128 886 3196 de
912 3129 1066 3210 dicendo,
1092 3129 1127 3196 in
1152 3128 1248 3195 illum
1272 3129 1312 3195 li-

247 3271 263 3306 «
284 3244 384 3310 brum
406 3244 604 3312 contulisse.
631 3245 699 3330 Qui
724 3245 753 3312 si
778 3253 831 3312 est
854 3245 935 3312 talis
960 3245 1094 3335 qualem
1117 3244 1180 3311 tibi
1203 3244 1311 3312 videri

247 3359 421 3441 «scribis,
453 3383 517 3450 ego
546 3363 680 3451 quoque
715 3359 843 3451 aliquid
876 3383 982 3440 sum;
1014 3358 1066 3426 sin
1100 3359 1211 3441 aliter,
1246 3383 1312 3427 non

247 3502 263 3537 «
285 3498 417 3558 recum,
440 3476 521 3565 quin
541 3485 705 3566 quantum
725 3476 766 3542 de
782 3475 839 3543 illo
855 3475 954 3558 libro,
971 3474 1171 3542 tantundem
1187 3475 1229 3541 de
1245 3476 1315 3541 mei

247 3617 263 3653 a
286 3591 414 3658 iudicii
426 3592 517 3659 lama
532 3590 759 3658 detrahatur4
776 3618 806 3657 ».

280 3844 305 3892 1.
328 3840 371 3893 Cf.
393 3842 547 3902 Naumann,
569 3843 609 3893 De
628 3840 755 3909 sontibus
776 3848 803 3893 et
822 3839 880 3912 fide
900 3840 985 3892 Bruti
1006 3840 1155 3900 Ciceronis,
1177 3860 1206 3911 p.
1224 3842 1308 3900 1-27;

243 3923 269 3973 J.
287 3921 407 3981 Martha,
424 3923 540 3977 Brutus,
559 3919 673 3978 introd,
692 3939 720 3990 p.
738 3939 825 3972 xr-xx.

280 3994 305 4042 2.
326 3992 395 4052 Au,
415 3993 456 4051 12,
472 3992 515 4051 52,
533 3992 558 4042 3.

279 4073 304 4123 3.
327 4071 396 4131 Ate,
412 4072 435 4130 4,
455 4071 498 4131 13,
516 4071 541 4121 2.

279 4153 304 4203 4.
326 4152 415 4211 Fam.¹
433 4151 458 4212 6,
476 4151 519 4210 18,
537 4151 562 4201 4.
