3062 5050
239 438 274 494 66
352 455 445 496 carur
464 455 506 495 ιιι.
529 469 561 478 -
581 455 650 505 curo
671 456 902 498 nccaumoumus
921 456 1024 497 cronno
1043 456 1190 497 osannam

239 589 420 656 tradantur
435 588 549 657 Stoica
569 612 646 656 esse
667 592 691 673 ¹,
709 590 814 658 multo
829 589 941 658 minus
962 615 1003 658 ea
1021 591 1089 657 iam
1111 600 1189 657 ante
1206 590 1304 658 Cice-

241 704 333 773 ronis
350 713 497 771 aetatem
510 703 547 770 in
563 704 712 772 Stoicam
727 705 930 772 rhetoricam
950 707 1111 795 receptas
1123 710 1305 773 Praeterea

241 819 331 911 apud
355 819 637 887 Fortunatianum
658 820 725 888 tria
750 820 883 888 dicendi
907 845 1036 912 genera
1059 821 1093 888 in
1116 821 1182 888 alia
1206 822 1304 912 plura

241 936 450 1018 dividuntur,
472 959 539 1002 non
558 935 639 1003 item
660 936 750 1026 apud
766 936 977 1005 Ciceronem.
1000 942 1048 1005 Re
1068 937 1204 1028 quidem
1222 960 1306 1003 vera

241 1051 485 1119 Fortunatiano
505 1052 588 1119 nihil
608 1052 677 1119 sere
698 1062 752 1120 est
772 1052 806 1119 in
826 1077 866 1119 ea
886 1076 922 1119 re
943 1076 1018 1119 cum
1034 1052 1198 1121 Cicerone
1219 1075 1305 1120 com·

240 1191 353 1249 mune,
371 1167 437 1234 nisi
457 1169 515 1236 illa
534 1168 610 1258 ipsa
631 1167 827 1236 distributio
843 1192 930 1259 quae
947 1193 967 1235 a
983 1168 1220 1259 Theophrasto
1235 1168 1306 1259 pri-

241 1307 332 1350 mum
342 1285 688 1375 prolata2mult0rum
697 1285 888 1374 postealuit
902 1310 909 1351 ε
921 1309 996 1351 eam
1005 1284 1094 1353 enim
1105 1311 1121 1347 (ι
1132 1284 1276 1354 Graecis
1288 1311 1304 1348 »

240 1399 360 1468 tribuit
376 1400 508 1470 Gellius
523 1403 548 1482 ³,
566 1424 633 1467 non
649 1400 808 1490 ignorata
824 1410 877 1468 est
888 1424 908 1468 a
918 1405 1073 1469 Varrone
1087 1401 1113 1482 4,
1126 1400 1308 1468 adhibetur

242 1538 262 1581 a
286 1514 451 1606 Dionysio
475 1517 498 1597 ⁵,
526 1515 647 1582 necin
674 1514 843 1582 rhetorica
869 1517 913 1583 ad
943 1516 1150 1584 Herennium
1176 1519 1188 1562 ⁶
1214 1515 1308 1583 desi-

242 1631 392 1698 deretur.

288 1747 322 1814 Si
345 1746 537 1837 colligimus
557 1747 670 1815 omnia
689 1771 776 1838 quae
797 1747 917 1817 Cicero
938 1747 1062 1815 Stoicis
1084 1747 1118 1814 in
1138 1747 1309 1815 rhetorica

242 1863 360 1930 debuit
373 1865 386 1908 ⁷
401 1887 510 1953 pauca
525 1863 714 1954 reperimus
734 1890 740 1931 :
759 1874 942 1954 praecepta
958 1864 1126 1954 quaedam
1139 1863 1180 1930 de
1202 1886 1308 1953 argu-

243 1979 462 2060 mentatione,
484 1979 525 2045 de
547 1979 689 2061 decor0;
711 1979 842 2046 accedit
861 1979 944 2047 illud
966 1979 1056 2070 quod
1077 1980 1119 2046 ad
1140 2003 1309 2047 summam

243 2095 328 2161 artis
348 2095 516 2162 oratoriae
538 2105 671 2185 spectat
694 2122 701 2162 ε
725 2095 953 2186 eloquentiam
967 2096 1129 2163 virtutem
1145 2119 1235 2163 esse.
1256 2099 1310 2163 Ex

243 2234 309 2301 quo
337 2210 424 2277 libro
447 2210 532 2278 haec
559 2211 679 2279 Cicero
708 2210 862 2278 hauserit
891 2235 958 2278 non
986 2221 1100 2302 potest
1127 2235 1190 2302 pro
1215 2221 1309 2280 certo

243 2326 416 2393 affirmari.
442 2325 567 2393 Habuit
591 2326 646 2393 ille
670 2327 806 2418 quidem
827 2327 862 2393 in
886 2326 1044 2393 manibus
1065 2327 1251 2418 Chrysippi
1275 2337 1310 2395 et

245 2441 421 2510 Cleanthis
441 2451 533 2508 artes
553 2443 741 2510 rhetoricas
760 2444 784 2509 ⁸.
808 2443 874 2510 Sed
891 2466 977 2534 quae
994 2466 1013 2509 a
1029 2442 1153 2510 Stoicis
1173 2453 1311 2510 mutua-

243 2567 299 2625 tus
316 2568 380 2639 est,
397 2557 533 2625 videtur
548 2580 614 2625 non
630 2583 671 2624 ex
686 2554 819 2626 artibus
839 2558 1018 2626 rhetoricis
1039 2558 1099 2626 sed
1121 2583 1138 2626 e
1158 2558 1311 2649 philoso-

243 2673 865 2765 phiaelibrisexcerpsisse;quodipse
874 2697 941 2742 non
950 2675 1095 2742 obscure
1105 2674 1308 2765 significata

245 2794 432 2858 Potuerunt
447 2813 533 2880 quae
550 2790 729 2857 dedecoro
750 2780 890 2880 scripsit
908 2790 994 2858 libro
1015 2790 1170 2858 Panaetii
1183 2796 1247 2882 περὶ
1261 2798 1312 2858 τοῦ

243 2909 410 2984 καθήκοντος
426 2908 450 2951 ¹⁰
465 2905 593 2973 deberi.
607 2906 704 2993 Quae
714 2930 797 2974 vero
808 2906 850 2973 de
861 2907 1156 2997 argumentatione
1167 2906 1201 2973 in
1212 2906 1311 2974 libris

281 3160 305 3208 1.
323 3158 366 3209 Cf.
384 3159 500 3220 Reuter,
518 3161 645 3221 Hermes,
664 3160 792 3221 XXVIII,
808 3161 886 3221 1893,
903 3179 931 3230 p.
949 3160 992 3221 90,
1009 3178 1036 3211 n.
1052 3161 1077 3210 1.

281 3239 306 3289 2.
324 3239 424 3308 Supra,
439 3258 467 3309 p.
485 3240 527 3290 40.

281 3319 306 3369 3.
324 3319 409 3380 Gell.,
425 3321 450 3380 6,
468 3321 511 3380 14,
530 3322 555 3370 1.

281 3399 306 3448 4.
324 3399 410 3461 Gell,
428 3401 453 3459 6,
471 3401 513 3461 14,
531 3401 563 3459 6;
581 3391 616 3452 cl.
633 3403 658 3462 6,
676 3402 718 3463 14,
737 3402 752 3453 8
768 3401 813 3472 (de
829 3400 950 3472 Polybio
964 3409 991 3451 et
1006 3399 1133 3468 Rutilio).

281 3478 306 3529 5.
324 3479 366 3531 De
382 3479 473 3541 Dem,
491 3481 550 3530 1-3.

281 3559 304 3608 6.
324 3559 348 3618 4,
366 3560 391 3620 8,
410 3561 450 3611 11.

282 3640 306 3690 7.
319 3639 387 3690 Plus
395 3657 495 3710 aequa,
505 3651 536 3692 ut
547 3640 615 3693 mihi
627 3642 741 3711 quidem
749 3641 869 3702 videtur,
879 3640 984 3692 Stoicis
993 3639 1095 3691 tribuit
1103 3636 1316 3690 Radermacher

246 3719 320 3788 apud
341 3719 482 3781 Sudhaus,
502 3721 664 3774 Philodami
683 3721 732 3773 vol.
759 3720 827 3773 rhet.
851 3720 955 3795 suppl,
980 3739 1009 3790 p.
1035 3738 1147 3778 rx-xxvr,
1172 3727 1200 3770 et
1222 3716 1314 3769 Rhei-

246 3798 357 3851 nisches
376 3801 514 3861 Mus-euru,
538 3803 571 3852 N.
599 3804 629 3853 F.
654 3801 726 3862 LIV,
749 3802 826 3861 1899,
848 3821 877 3870 p.
900 3801 1020 3852 285-292
1042 3800 1095 3866 (cf.
1122 3800 1156 3850 G.
1180 3797 1312 3858 Ammon,

244 3877 458 3932 Juhreshericht
472 3881 541 3933 [ther
558 3880 604 3934 die
618 3880 805 3933 Fortschritte
825 3879 876 3932 der
895 3878 1073 3932 llassischcn
1091 3876 1314 3930 Altertumswis·

246 3957 399 4026 senschaft,
418 3959 476 4020 CV,
494 3961 572 4021 1900,
588 3981 617 4030 p.
635 3962 703 4018 222;
720 3960 791 4019 CIX,
808 3960 885 4020 1901,
901 3979 928 4029 p.
944 3960 1011 4018 137;
1028 3976 1081 4010 von
1096 3957 1203 4018 Arnim,
1218 3955 1316 4009 Leben

248 4037 306 4090 und
321 4039 416 4091 Werle
432 4038 482 4092 des
498 4040 551 4092 Dio
568 4058 617 4092 ron
631 4042 735 4098 Prusa,
753 4059 780 4109 p.
797 4040 841 4101 90,
856 4059 883 4091 n.
901 4041 936 4108 1).

283 4119 306 4169 8.
326 4119 398 4179 Fin„
414 4119 439 4180 4,
456 4122 481 4180 3,
498 4121 528 4178 7;
547 4138 641 4189 supra,
658 4139 687 4190 p.
704 4121 747 4172 52.

282 4199 307 4249 9.
325 4199 393 4260 Inv.,
412 4200 436 4260 1,
454 4199 497 4260 41,
514 4200 617 4256 77;cf.
633 4202 658 4261 1,
674 4200 716 4260 30,
733 4200 775 4251 50.

283 4279 326 4330 10.
343 4277 412 4342 Att,
431 4281 473 4341 16,
491 4280 534 4341 11,
552 4279 577 4331 4.
