3062 5050
271 486 305 542 70
386 501 478 541 cnrur
498 501 539 541 111.
562 515 594 524 -
614 501 682 551 orm
704 500 934 540 nsosnrronmus
954 498 1056 539 cronno
1076 500 1223 539 creusam

378 803 391 875 5
415 796 447 860 6.
471 835 515 844 -
540 797 651 876 Quid
674 797 895 862 communi
920 795 1011 862 tere
1033 796 1230 862 omnium

574 912 799 980 doctrinae
824 912 1034 979 debuerit.

317 1108 458 1173 Praeter
479 1129 518 1172 ea
540 1128 626 1195 quae
648 1104 794 1195 singulis
814 1104 1008 1171 hominihus
1031 1103 1200 1171 scholisve
1217 1103 1338 1172 Cicero

272 1221 400 1301 debuit,
414 1222 520 1310 multa
534 1221 568 1287 in
585 1219 657 1288 eius
673 1221 770 1287 libris
786 1219 933 1311 legimus
945 1244 1031 1312 quae
1043 1220 1168 1286 nullius
1184 1220 1335 1310 propria,

272 1337 421 1403 omnium
438 1336 628 1404 communia
644 1347 752 1403 erant.

318 1456 369 1519 Ex
383 1453 437 1520 his
453 1452 621 1544 quaedam
640 1453 707 1518 iam
730 1454 772 1519 ah
793 1451 1043 1543 antiquissimis
1059 1451 1252 1518 rhetoribus
1268 1461 1339 1533 tra-

273 1569 462 1659 dita,'post
484 1569 590 1635 multa
613 1569 762 1650 saecula,
789 1568 888 1659 quasi
914 1568 1043 1634 intaeta
1065 1577 1336 1657 permanserant.

274 1685 357 1751 Eius
387 1684 477 1751 modi
502 1695 582 1751 sunt
606 1694 789 1775 praecepta
818 1707 905 1774 quae
934 1685 975 1751 de
1004 1683 1151 1774 singulis
1175 1683 1339 1750 orationis

273 1800 429 1890 partibus
445 1799 519 1867 dari
536 1801 702 1880 solebant,
720 1801 814 1867 velut
829 1800 863 1866 in
877 1799 1015 1866 exordio
1032 1800 1221 1866 auditorem
1236 1800 1339 1865 hene-

273 1917 400 1999 volum,
419 1925 598 1999 attentum,
616 1916 759 1983 docilem
779 1915 865 1982 effici
885 1926 1041 2006 oportere
1063 1918 1086 1998 ¹,
1109 1915 1340 1983 narrationem

273 2032 424 2113 brevem,
436 2042 602 2121 apertam,
614 2032 825 2122 prohabilem
836 2055 913 2099 esse
922 2032 1046 2099 dehere
1055 2034 1078 2098 2.
1091 2031 1341 2123 Antiquissima

274 2149 357 2215 haec
368 2148 498 2224 omnia;
514 2148 648 2214 minime
659 2158 773 2215 tamen
783 2147 1001 2238 pertinebant
1013 2147 1055 2214 ad
1066 2171 1141 2215 cam
1154 2174 1170 2210 «
1183 2147 1341 2238 antiquo-

275 2287 348 2329 rum
361 2292 376 2326 »
395 2263 583 2330 doctrinam
594 2286 696 2355 quam
710 2264 830 2333 Cicero
846 2263 880 2329 in
895 2263 1058 2330 honorem
1069 2263 1231 2330 reducere
1246 2264 1340 2330 vole-

273 2380 333 2446 bat
351 2404 357 2445 :
376 2403 478 2470 quam
498 2379 586 2446 enim
609 2407 624 2442 «
641 2379 890 2470 antiquorum»
913 2379 1101 2446 doctrinam
1116 2389 1216 2446 vocat
1232 2403 1272 2445 ea
1289 2388 1341 2446 est

275 2519 361 2586 quae
378 2518 397 2561 a
413 2495 606 2562 rhetoribus
626 2495 726 2584 primi
747 2506 824 2562 ante
846 2494 1021 2564 Christum
1037 2494 1164 2562 saeculi
1183 2495 1340 2584 neglecta

275 2621 360 2692 erat,
379 2634 445 2677 non
461 2635 502 2677 ea
515 2634 616 2701 quam
631 2611 816 2701 scriptores
832 2610 915 2678 artis
929 2610 1064 2677 tradere
1076 2634 1142 2677 non
1154 2609 1338 2676 desierant.

321 2729 428 2793 Erant
444 2727 547 2793 etiam
567 2727 634 2793 alia
653 2727 855 2807 recentiora,
873 2738 951 2817 post
968 2725 1188 2793 Aristotelem
1205 2725 1340 2815 excogi-

276 2853 349 2910 tata
372 2870 379 2911 ε
403 2842 527 2909 divisio
543 2842 731 2908 rhetoricae
751 2842 786 2908 in
807 2842 953 2933 quinque
970 2852 1086 2932 partes
1105 2869 1120 2904 a
1137 2865 1223 2932 quas
1240 2841 1340 2930 pleri-

276 2982 341 3049 que
365 2958 522 3025 dixerunt
541 2962 553 3003 3
575 2986 606 3041 n,
629 2982 714 3048 quac
740 2969 854 3025 tamen
877 2957 1000 3024 divisio
1025 2957 1201 3024 Aristoteli
1223 2956 1341 3047 ignota

277 3076 387 3141 suerat
412 3075 444 3151 4;
476 3073 687 3140 enumeratio
710 3074 913 3164 longissima
937 3073 1100 3139 luminum
1124 3071 1289 3139 orationis
1315 3074 1338 3154 ⁵,

276 3200 460 3280 praecepta
477 3213 543 3256 non
559 3191 651 3256 nulla
666 3189 706 3256 de
724 3189 885 3256 memoria
899 3193 911 3235 ὓ
927 3200 960 3256 et
976 3189 1107 3256 actione
1123 3191 1146 3254 7.

313 3355 338 3403 1.
356 3353 524 3419 Inv.,1‚15‚
542 3353 591 3410 2ος
610 3353 693 3421 Top,
711 3353 753 3412 26,
771 3353 822 3410 973
841 3351 876 3402 ci.
894 3353 1027 3412 Navarre,
1044 3370 1072 3421 p.
1090 3351 1220 3402 213-239.

313 3433 337 3482 2.
356 3433 424 3493 inu,
443 3434 467 3492 1,
485 3433 527 3492 20,
544 3434 594 3490 28;
612 3432 647 3482 cf.
666 3433 798 3491 Navarre,
816 3451 843 3501 p.
862 3433 992 3484 245-251.

313 3512 338 3563 3.
356 3512 424 3571 lnv.,
441 3513 465 3572 1,
483 3513 506 3572 7,
524 3513 549 3562 8.

313 3593 337 3642 4.
356 3591 399 3643 Cf.
415 3591 729 3652 Volkmann-Hammer,
744 3610 772 3660 p.
791 3593 833 3642 18.

313 3673 338 3723 5.
357 3673 397 3723 De
419 3671 480 3732 Or„
503 3673 528 3728 3,
551 3673 593 3730 53,
616 3672 723 3730 202-54,
745 3672 814 3729 207;
835 3671 896 3731 Or.,
917 3672 959 3731 39,
983 3671 1089 3730 185-40,
1110 3670 1169 3721 139.
1190 3669 1341 3720 Distinctio

277 3769 344 3803 vero
364 3752 438 3813 inter
451 3749 569 3825 τρόπους
585 3761 612 3803 et
631 3749 762 3822 σχήματα
776 3769 826 3802 nec
842 3751 922 3802 valde
940 3750 1053 3820 antiqua
1071 3758 1131 3801 erat
1151 3767 1200 3800 nec
1221 3750 1342 3800 fortasse

278 3831 313 3883 ab
331 3831 462 3882 omnibus
486 3832 540 3881 iam
563 3841 686 3900 recepta.
714 3831 757 3881 Cf.
784 3830 934 3886 Schrader,
960 3831 1087 3887 Hermes,
1115 3829 1240 3888 XXXIX,
1264 3829 1340 3887 1904,

278 3931 305 3981 p.
332 3911 462 3962 563-603.
484 3911 553 3960 Eam
577 3921 668 3961 tamen
690 3911 808 3960 Graccis
832 3911 894 3978 ipse
920 3909 1021 3960 Cicero
1042 3917 1184 3977 acceptam
1204 3908 1315 3959 rettulit
1336 3926 1341 3956 ;

281 3989 386 4042 Ornnri
398 3989 555 4041 orationem
571 3989 671 4041 Gracci
683 3997 788 4062 putant
801 3988 827 4040 si
841 3988 985 4042 verborum
999 3987 1243 4040 intrnrttaticnihus
1259 3994 1342 4038 utan-

200 4100 202 4104 ·
280 4078 325 4122 tur
347 4087 416 4141 qrccs
439 4070 589 4142 appellant
607 4067 726 4142 τρόπους
746 4077 773 4120 et
792 4068 998 4120 sententiarum
1018 4067 1213 4139 orationisque
1232 4066 1339 4134 formis,

279 4167 353 4221 quae
373 4157 471 4201 vocant
489 4147 628 4220 σχήματα.
648 4149 739 4208 Brut.,
758 4151 800 4209 17,
817 4149 869 4206 693
887 4148 920 4199 cf.
940 4150 982 4208 37,
1000 4149 1049 4198 111
1065 4165 1069 4206 ;
1088 4147 1150 4208 Or.‚
1169 4147 1211 4207 25,
1230 4148 1281 4205 83;
1299 4147 1341 4206 27,

279 4230 377 4288 92-94;
396 4231 438 4289 54,
456 4231 505 4280 181
520 4248 525 4287 ;
541 4229 622 4298 'l'op.,
640 4230 665 4288 8,
682 4229 724 4279 34.

314 4311 339 4361 6.
358 4310 398 4360 De
415 4309 477 4368 Or.,
495 4309 520 4369 2,
538 4309 580 4369 85,
598 4308 710 4367 350-88,
728 4308 797 4366 350;
815 4309 890 4358 Part.
909 4307 971 4366 Or.,
991 4308 1015 4368 7,
1033 4307 1076 4358 26.

316 4390 340 4440 7.
357 4389 398 4440 De
410 4388 472 4450 Or.,
489 4389 515 4450 3,
530 4388 573 4450 56,
589 4388 700 4450 213-61,
718 4387 778 4438 227.
