3062 5050
443 471 459 546 ἓ
478 475 505 531 1.
526 505 559 514 -
579 491 648 541 oum
669 489 874 530 nunusconun
893 489 1041 530 osannam
1242 471 1277 528 m

209 624 372 716 explicari
393 626 538 694 soleant.
557 625 624 692 Sed
644 624 745 692 aliter
762 625 948 716 loquuntur
968 623 1110 714 antiqui,
1133 645 1276 714 quorum

208 764 306 809 nemo
339 751 447 809 totam
475 741 641 808 rationem
671 740 951 808 constitutionum
985 740 1027 807 ab
1063 744 1276 830 Hermagora

208 856 383 924 inventam
413 881 491 924 esse
520 857 617 925 dixit.
650 859 756 924 lmmo
783 855 1015 943 Quintilianus
1041 864 1159 923 censet
1186 853 1276 945 apud

209 972 343 1040 Atticos
364 983 518 1040 oratores
539 982 573 1040 et
592 972 682 1063 apud
703 972 925 1040 Aristotelem
945 971 1073 1062 aliquid
1093 971 1165 1039 eius
1186 969 1276 1038 modi

208 1111 311 1178 posse
336 1089 479 1180 reperiri
502 1091 524 1156 ¹.
548 1091 765 1181 Quamquam
789 1088 896 1180 igitur
916 1088 1098 1178 plurimum
1120 1087 1154 1154 in
1179 1111 1216 1153 ea
1240 1110 1275 1153 re

209 1203 330 1272 Cicero
346 1203 464 1272 debuit
485 1210 731 1296 Hermagorae,
749 1229 816 1272 non
832 1215 947 1272 tamen
963 1227 1059 1271 exeo
1078 1214 1185 1271 totam
1200 1203 1275 1270 doc·

208 1319 333 1386 trinam
350 1320 497 1411 sumpsit
512 1344 614 1411 quam
629 1343 727 1388 nemo
743 1331 822 1387 ante
835 1320 1047 1410 protulisset,
1066 1320 1126 1387 scd
1140 1320 1183 1387 ab
1198 1318 1275 1386 aliis

208 1434 277 1502 iam
291 1445 488 1516 tractatam,
507 1437 549 1504 ab
569 1435 645 1527 ipso
661 1437 806 1503 maxime
823 1437 1006 1504 evolutam.

253 1551 440 1642 Praecipue
455 1575 537 1619 vero
554 1554 788 1643 Hermagorae
805 1562 980 1642 acceptam
1000 1551 1103 1618 relert
1117 1562 1274 1642 quartam

209 1667 487 1736 constitutionem
503 1692 590 1759 quae
605 1667 810 1735 translativa
829 1666 1034 1750 nominatur,
1051 1666 1275 1735 inventorem-

210 1808 275 1874 quc
291 1784 334 1851 ab
350 1783 521 1875 aliquibus
537 1784 782 1874 reprehensum
800 1783 951 1851 defendit
968 1809 975 1850 :

249 1925 285 1987 ln
304 1935 418 2010 quarta
437 1926 674 2000 constitutione,
696 1947 792 2010 quam
817 1925 1036 1988 translativam
1059 1925 1272 2001 nominamus

210 2015 278 2077 eius
294 2015 530 2077 constitutionis
546 2024 596 2076 cst
610 2015 838 2088 controversia,
856 2036 928 2077 cum
949 2025 1004 2077 aut
1024 2035 1119 2097 quem
1135 2023 1190 2076 aut
1204 2016 1275 2097 qui-

210 2125 281 2166 cum
297 2113 351 2166 aut
366 2103 526 2187 quomodo
541 2113 596 2166 aut
610 2103 695 2186 apud
710 2124 791 2187 quos
806 2113 861 2166 aut
875 2123 938 2187 quo
958 2104 1026 2165 iure
1041 2112 1096 2165 aut
1110 2124 1173 2186 quo
1192 2113 1275 2165 tem-

210 2214 287 2276 pore
320 2214 418 2278 agere
447 2202 594 2276 oporteat
627 2193 801 2276 quaeritur,
832 2201 887 2254 aut
918 2193 1048 2254 omnino
1082 2192 1201 2275 aliquid
1235 2191 1274 2255 dc

210 2283 457 2345 commutatione
495 2292 550 2344 aut
588 2282 801 2344 infirmatione
842 2281 976 2343 actionis
1016 2281 1133 2365 agitur.
1173 2280 1275 2344 Huius

210 2371 446 2434 constitutionis
468 2371 684 2455 Hermagoras
708 2371 855 2432 inventor
877 2391 947 2433 esse
972 2370 1181 2448 existimatur,
1211 2391 1275 2432 non

211 2481 272 2544 quo
287 2481 351 2521 non
366 2460 416 2522 usi
435 2461 500 2522 sint
519 2480 557 2521 ea
574 2469 699 2522 veteres
718 2470 861 2522 oratores
882 2480 978 2541 saepe
999 2459 1100 2534 multi,
1123 2459 1179 2522 sed
1200 2461 1275 2543 quia

210 2569 273 2610 non
297 2549 590 2611 animadverterunt
611 2549 689 2612 artis
713 2549 886 2632 scriptores
909 2569 979 2610 earn
1006 2549 1188 2630 superiores
1215 2569 1274 2610 nec

211 2638 401 2701 rettulerunt
420 2639 452 2699 in
467 2658 635 2699 numerum
651 2638 925 2700 constitutionum.
944 2637 1021 2704 Post
1035 2646 1142 2700 autem
1158 2638 1197 2699 ab
1213 2637 1273 2699 hoe

211 2727 370 2788 inventam
386 2726 477 2788 multi
493 2726 777 2810 reprehenderunt,
795 2747 876 2809 quos
891 2747 954 2788 non
973 2736 1039 2788 tam
1059 2726 1274 2809 imprudentia

211 2814 275 2876 salli
296 2824 448 2898 putamus
471 2852 510 2860 -
532 2836 583 2877 res
605 2815 690 2877 enim
712 2816 883 2898 perspicua
905 2825 954 2878 est
975 2853 1013 2860 —
1036 2835 1132 2898 quam
1156 2815 1275 2876 invidia

210 2913 304 2988 atque
321 2904 550 2966 obtrectatione
566 2904 704 2987 quadam
720 2904 879 2988 impediri.
897 2903 976 2979 lnv.,
996 2910 1023 2979 1,
1043 2911 1089 2979 11,
1109 2908 1156 2966 16.

253 3049 329 3115 Non
343 3055 476 3114 tantum
490 3045 525 3112 in
541 3045 743 3113 definiendis
759 3045 1060 3114 constitutionibus
1081 3050 1273 3136 Hermago-

211 3186 267 3229 ras
278 3163 528 3245 elaboraverat,
542 3161 603 3229 sed
615 3161 761 3252 singulis
776 3185 958 3228 causarum
972 3160 1156 3252 generibus
1173 3183 1272 3251 argu·

211 3287 324 3344 menta
340 3277 563 3345 subtilissime
580 3286 839 3367 comparaverat
854 3279 878 3343 2.
893 3280 980 3344 Eum
993 3277 1113 3347 Cicero
1127 3277 1162 3344 in
1177 3276 1273 3344 libris

211 3392 252 3461 de
270 3393 468 3488 Inventione
485 3404 622 3460 secutus
639 3402 703 3460 ost.
725 3419 741 3456 t<
757 3397 868 3474 Nunc,
885 3392 1006 3484 inquit,
1025 3404 1136 3461 certos
1156 3391 1274 3460 confir-

214 3535 229 3572 «
250 3509 365 3576 mandi
387 3519 421 3577 et
440 3508 710 3601 reprehendendi
729 3509 763 3575 in
788 3509 926 3599 singula
945 3532 1126 3576 causarum
1147 3532 1275 3599 genera

214 3651 229 3688 «
250 3625 342 3692 locos
363 3625 549 3692 tradendos
577 3624 783 3692 arbitramur
808 3652 824 3688 »
853 3628 877 3691 ³.
906 3628 977 3691 llos
1001 3648 1083 3692 vero
1107 3626 1200 3692 locos
1226 3624 1274 3691 ita

212 3741 358 3832 explicat
378 3750 416 3808 ut
439 3767 455 3804 «
479 3740 569 3808 mille
590 3750 869 3832 argumentorum
894 3740 1022 3831 gradus
1049 3767 1064 3804 »
1091 3741 1103 3786 4
1127 3763 1213 3832 quos
1239 3739 1273 3806 in

246 3949 271 3999 1.
288 3947 409 4011 Quintil,
427 3948 452 4008 3,
470 3949 495 4006 6,
517 3948 551 4006 3;
570 3948 596 4007 3,
615 3948 640 4007 6,
663 3947 711 4005 60;
733 3947 768 3998 cs.
789 3948 922 4008 Navarra,
940 3946 1270 4017 p.261-271;Jaeneke,

212 4028 252 4080 De
266 4035 393 4080 statuum
408 4026 539 4079 doctrina
550 4026 586 4078 ab
600 4028 776 4096 Hermogene
791 4026 910 4087 tradita,
929 4046 957 4097 p.
975 4028 1067 4080 15-26.

247 4108 272 4158 2.
289 4107 381 4168 Brut,
402 4108 444 4168 76,
461 4108 529 4167 263;
547 4107 589 4168 78,
605 4107 674 4166 271;
696 4106 731 4158 de
747 4107 809 4168 0r.,
827 4109 852 4167 2,
871 4108 913 4168 27,
933 4109 998 4167 117;
1018 4107 1053 4159 cf.
1070 4107 1178 4168 Thiele,
1198 4109 1272 4160 Her-

213 4203 354 4256 magoras,
371 4205 399 4256 p.
416 4187 511 4240 84-86.

248 4266 273 4317 3.
290 4267 358 4326 lnv.‚
376 4266 401 4327 2,
418 4266 443 4328 3,
461 4267 504 4317 11.

247 4344 272 4396 4.
289 4343 364 4396 Dial.
379 4344 441 4407 Or„
457 4345 501 4397 19.
