3062 5050
599 499 659 576 §b
682 535 715 544 -
734 515 797 563 uoci
1194 500 1229 566 99

162 653 217 736 qui
232 653 273 714 ad
288 653 548 735 persuadendum
563 653 626 716 loci
642 674 790 717 maxume
804 654 932 718 valeant
945 655 1065 718 dictum
1081 666 1131 719 est
1145 657 1176 718 in
1189 658 1228 719 iis

162 743 196 804 in
211 742 327 825 quibus
342 742 381 804 de
396 742 483 804 omni
499 742 621 805 ratione
637 743 774 806 dicendi.
796 745 970 807 Peroratio
990 754 1096 808 autem
1116 755 1149 809 et
1167 747 1229 809 alia

162 831 320 912 quaedam
335 830 470 893 habet...
487 829 582 914 Top.,
600 836 649 907 26,
667 837 773 895 97-98.

209 977 259 1041 De
276 973 470 1064 praecipuis
490 983 605 1041 tamen
620 974 785 1042 orationis
799 975 956 1065 partibus
973 1000 1108 1068 semper
1123 1001 1228 1068 quae-

164 1089 243 1157 dam
276 1099 459 1181 praecepta
492 1089 626 1180 putavit
661 1113 738 1157 esse
772 1090 917 1174 danda3
953 1115 1158 1184 quamquam
1193 1094 1228 1159 in

164 1205 314 1272 secundo
338 1204 379 1271 de
403 1206 549 1273 Oratore
570 1205 657 1274 libro
679 1229 746 1274 non
769 1206 862 1274 nulla
884 1230 971 1298 quae
995 1208 1068 1298 ipse
1093 1219 1126 1276 et
1150 1220 1228 1276 ante

164 1320 296 1388 dixerat
315 1331 349 1388 et
370 1330 491 1411 postea
509 1321 633 1389 iterum
651 1321 840 1390 traditurus
861 1333 945 1405 erat,
963 1323 1060 1392 visus
1076 1335 1129 1393 est
1149 1348 1229 1393 con·

163 1447 327 1520 temnere,
352 1436 549 1505 Aristotelis
570 1439 579 1484 ¹
600 1447 638 1505 ut
655 1438 792 1506 videtur
813 1438 1015 1508 auctoritate
1039 1452 1225 1532 permotus

202 1580 368 1642 Attentum
394 1589 525 1642 monent
544 1579 660 1642 Graeci
680 1589 716 1642 ut
739 1580 897 1664 principio
917 1581 1071 1644 faciamus
1090 1583 1227 1647 iudicem

163 1677 196 1731 et
209 1668 346 1731 docilem
361 1691 367 1744 ;
385 1688 468 1752 quae
482 1679 557 1733 suut
571 1669 662 1731 utilia
678 1669 734 1732 sed
749 1690 813 1730 non
823 1669 972 1754 principii
984 1672 1088 1754 magis
1098 1675 1229 1756 propria

163 1777 259 1840 quam
284 1757 480 1841 reliquarum
509 1758 665 1841 partium3
691 1758 834 1820 faciliora
863 1760 959 1822 etiam
987 1761 1020 1821 in
1048 1761 1226 1845 principiis,
1263 1789 1266 1794 ·

163 1847 248 1930 quod
268 1856 300 1910 et
319 1847 431 1910 attenti
452 1855 519 1908 tum
540 1847 677 1910 maxime
697 1857 781 1922 sunt,
803 1868 900 1931 quom
919 1850 1026 1911 omnia
1045 1860 1226 1934 expectant,

163 1944 195 1998 et
209 1935 330 1998 dociles
345 1935 451 2020 magis
467 1935 499 1996 in
514 1936 613 1998 initiis
629 1957 700 1999 esse
719 1946 865 2018 possunt.
882 1937 931 2000 De
947 1937 1017 2015 On,
1036 1944 1064 2014 2,
1082 1946 1130 2015 79,
1148 1945 1225 2016 3233

163 2025 202 2086 ci.
225 2024 305 2101 lnv.,
329 2031 356 2100 1,
375 2030 423 2098 15,
441 2030 497 2100 203
515 2025 602 2087 Part.
620 2045 680 2101 or.,
697 2031 726 2100 8,
744 2031 859 2102 28-30;
878 2026 947 2102 Or,
969 2032 1018 2102 35,
1038 2034 1114 2105 122;
1132 2028 1226 2114 Τορ.,

164 2119 213 2189 26,
230 2120 281 2176 97.

203 2203 343 2265 Narrare
354 2222 430 2265 vero
446 2203 531 2287 quod
547 2204 687 2266 breviter
701 2204 821 2280 iubent,
840 2204 866 2266 si
882 2205 1022 2268 brevitas
1037 2207 1229 2290 appellanda

163 2302 223 2367 est,
245 2312 342 2375 quom
367 2293 500 2355 verbum
524 2294 646 2355 nullum
671 2295 837 2368 redundat,
862 2294 969 2357 brevis
993 2305 1043 2358 est
1060 2297 1096 2358 L.
1120 2297 1228 2360 Crassi

164 2381 285 2458 oratio,
310 2381 359 2443 sin
379 2390 446 2443 tum
467 2391 517 2444 est
539 2383 689 2458 brevitas,
712 2403 808 2466 quom
832 2390 955 2445 tantum
975 2385 1145 2449 verborum
1167 2396 1225 2461 est,

164 2479 318 2554 quantum
342 2490 474 2534 necesse
499 2480 558 2546 est,
589 2471 760 2554 aliquando
786 2471 818 2532 id
842 2491 924 2555 opus
948 2475 1026 2549 est3'
1046 2475 1102 2536 sed
1131 2495 1228 2558 saepe

164 2560 256 2622 obest
269 2559 320 2621 vel
335 2558 472 2621 maxime
492 2559 524 2621 in
539 2559 736 2622 narrando..
754 2561 907 2644 Apertam
927 2563 1142 2626 narrationem
1162 2573 1227 2625 tam

164 2668 235 2710 esse
263 2655 391 2730 oportet
423 2669 518 2732 quam
553 2657 696 2710 cetera...
732 2649 780 2710 Dc
814 2649 882 2725 Or.,
918 2655 946 2725 2,
981 2656 1030 2726 80,
1066 2657 1225 2729 326-329;

164 2737 203 2798 ci.
226 2737 306 2811 Inv.‚
326 2743 353 2811 1,
371 2741 420 2811 20,
438 2741 493 2813 28;
512 2736 597 2799 Part.
620 2758 679 2813 or.,
697 2743 726 2814 9,
743 2743 857 2814 31-323
875 2737 944 2814 Or.,
967 2744 1016 2814 35,
1035 2745 1109 2816 122;
1131 2739 1225 2824 Top.,

164 2830 212 2902 26,
237 2831 287 2888 97.

555 3074 568 3149 ἓ
592 3070 625 3134 4.
651 3107 695 3118 -
720 3071 837 3138 Loci.
893 3167 895 3171 Ι

208 3275 261 3340 Ex
275 3273 433 3341 omnibus
448 3274 622 3342 doctrinae
638 3273 877 3365 discrepantiis
893 3297 992 3365 quae,
1006 3272 1040 3340 in
1052 3271 1228 3342 Ciceronis

165 3388 315 3479 scriptis,
334 3388 375 3456 de
389 3389 584 3458 inventione
602 3400 636 3457 et
651 3390 874 3480 dispositione
889 3392 902 3435 ²
917 3388 1143 3479 reperiuntur,
1159 3411 1228 3454 una

165 3513 218 3570 est
244 3527 347 3595 quam
370 3504 444 3595 ipse
469 3505 612 3573 alicuius
641 3505 802 3572 momenti
825 3505 954 3596 putarit
978 3531 985 3572 ε
1012 3505 1046 3573 in
1069 3503 1166 3572 libris
1186 3502 1227 3570 de

167 3618 366 3687 Inventione
380 3620 473 3688 locos
490 3621 532 3688 ad
549 3621 686 3711 singula
702 3644 883 3689 causarum
899 3643 1026 3712 genera
1039 3641 1228 3688 accommo-

165 3735 264 3802 datos
277 3738 510 3827 Hermagoreo
526 3760 618 3804 more
633 3735 791 3818 tradidit,
805 3746 926 3827 postea
940 3758 1022 3803 vcro
1038 3758 1112 3802 eam
1128 3734 1227 3803 ratio-

165 3873 242 3918 nem
269 3850 312 3918 ad
340 3851 569 3920 instituendos
604 3852 843 3920 adulescentes
872 3862 987 3942 aptam
1016 3850 1077 3918 sed
1101 3872 1227 3941 magno

200 4059 226 4108 1.
244 4058 283 4110 Su
305 4076 345 4119 ra,
383 4058 447 4110 .37.

201 4138 227 4188 2,
244 4076 324 4202 Quliae
341 4076 379 4189 did
392 4137 588 4190 communibus
608 4137 824 4208 quaestionibus
847 4137 928 4209 (quae
948 4135 1032 4198 θέσεις
1046 4135 1227 4204 vocabantur)

166 4234 253 4287 supra
268 4218 400 4287 (pat-17,
418 4218 482 4286 etet
498 4218 656 4270 notavimus
670 4218 767 4287 potius
782 4219 817 4269 ad
834 4218 980 4270 materiam
1000 4217 1071 4269 artis
1091 4235 1173 4287 quam
1193 4216 1227 4267 ad

166 4297 257 4367 ipsam
272 4298 459 4350 inventionem
474 4298 630 4368 pertinent;
643 4315 811 4368 quemquam
827 4298 944 4350 materia
960 4297 1029 4350 artis
1045 4314 1100 4349 non
1115 4313 1228 4366 semper

166 4375 201 4428 ab
213 4377 373 4430 inventione
387 4376 627 4448 distinguebatur.
