3062 5050
443 447 459 522 ἓ
478 452 504 507 5.
526 481 559 490 —
580 467 648 517 curn
668 467 782 509 narnus
801 468 949 508 annuatur
1193 451 1228 510 65

163 602 197 668 in
212 600 395 669 Rhetorica
408 600 450 667 ad
463 601 672 668 Herennium
685 601 831 692 scriptor
842 625 879 668 se
890 601 1036 692 primum
1049 602 1232 692 protulisse

163 717 257 799 dicit,
276 716 395 784 eadem
411 717 501 807 apud
518 716 718 785 Ciceronem
732 717 914 808 leguntur:

202 859 366 942 Deinceps
397 858 436 922 de
467 860 689 920 insinuatione
720 859 928 942 aperiendum
957 870 1015 922 est.
1051 861 1130 922 Tria
1157 874 1235 924 sunt

163 960 314 1030 tempora
330 949 446 1032 quibus
461 948 620 1030 principio
635 948 681 1010 uti
696 968 758 1009 non
774 969 947 1031 possumus
962 970 1043 1032 quae
1062 949 1234 1035 diligenter

162 1047 238 1098 sunt
259 1036 513 1099 consideranda:
535 1046 590 1098 aut
609 1057 681 1099 cum
701 1047 827 1120 turpem
845 1058 974 1099 causam
990 1038 1233 1114 habemuS,hoc

163 1135 224 1200 est,
252 1146 325 1187 cum
350 1125 421 1208 ipsa
443 1146 495 1187 res
519 1126 662 1187 animum
687 1125 842 1187 auditoris
865 1126 997 1188 anobis
1019 1127 1155 1203 alienat3
1179 1138 1234 1189 aut

162 1235 235 1276 cum
261 1214 387 1276 animus
412 1214 566 1276 auditoris
590 1235 764 1298 persuasus
793 1235 864 1277 esse
892 1214 1018 1277 videtur
1043 1217 1083 1279 ab
1111 1216 1150 1278 iis
1179 1217 1233 1300 qui

163 1313 237 1366 ante
252 1303 422 1378 dixerunt3
441 1312 496 1365 aut
510 1324 582 1365 cum
599 1303 746 1366 defessus
766 1312 815 1365 est
834 1323 889 1366 eos
909 1303 1067 1367 audiendo
1087 1305 1141 1387 qui
1161 1315 1233 1367 ante

162 1391 350 1454 dixerunt...
368 1391 417 1454 Ad
433 1392 521 1467 Her.,
542 1399 568 1467 1,
586 1397 615 1468 6,
634 1399 663 1455 9.

203 1479 319 1543 Adhuc
334 1501 415 1564 quae
431 1480 516 1543 dicta
531 1491 606 1544 sunt
621 1482 758 1544 arbitror
773 1481 850 1543 mihi
870 1490 1017 1544 constare
1032 1502 1103 1544 cum
1119 1483 1234 1546 ceteris

163 1571 242 1632 artis
258 1570 470 1652 scriptoribus
485 1569 548 1632 nisi
563 1571 638 1654 quia
654 1571 693 1632 de
708 1571 984 1632 insinuationibus
999 1591 1083 1634 noea
1102 1573 1234 1654 excogi-

163 1661 316 1738 tavimus,
343 1660 433 1742 quod
454 1681 527 1720 eam
551 1660 618 1720 soli
632 1671 772 1741 praeter
795 1671 919 1721 ceteros
940 1661 974 1721 in
995 1661 1061 1720 tria
1085 1671 1234 1742 tempora

164 1748 345 1811 divisimus.
362 1747 412 1809 Ad
428 1747 516 1823 Her„
536 1754 563 1822 1,
580 1754 609 1822 9,
630 1753 677 1809 16.

203 1837 296 1898 Nunc
323 1839 562 1899 insinuationes
591 1836 860 1920 quemadmodum
890 1837 1020 1900 tractari
1053 1838 1231 1912 conveniat,

163 1924 318 2008 deinceps
342 1924 511 1987 dicendum
540 1924 676 1988 videtur.
708 1925 925 1987 insinuatione
954 1926 1053 2009 igitur
1080 1926 1233 1988 utendum

164 2024 222 2089 est,
254 2034 327 2076 cum
356 2013 544 2076 admirabile
575 2034 678 2097 genus
707 2034 822 2076 causae
846 2025 905 2088 est,
932 2015 993 2076 hoc
1017 2024 1076 2089 est,
1102 2024 1138 2077 ut
1160 2026 1234 2077 ante

164 2102 315 2178 diximus,
333 2123 406 2164 cum
422 2103 547 2164 animus
563 2102 718 2165 auditoris
733 2103 868 2164 infestus
884 2112 943 2164 est.
961 2103 1003 2165 ld
1010 2115 1119 2165 autem
1130 2104 1235 2164 tribus

165 2213 206 2253 ex
225 2194 336 2252 causis
351 2194 392 2273 sit
410 2194 575 2253 manime:
596 2193 623 2253 si
643 2201 697 2254 aut
716 2193 800 2254 inest
819 2193 851 2252 in
870 2192 941 2276 ipsa
961 2212 1057 2254 causa
1076 2192 1233 2276 quaedam

165 2281 341 2363 turpitudo,
355 2290 410 2342 aut
420 2281 460 2342 ab
474 2281 513 2342 iis
528 2281 582 2364 qui
598 2290 671 2342 ante
686 2280 835 2342 dixerunt
851 2281 914 2342 iam
930 2280 1081 2364 quiddam
1097 2280 1234 2343 auditori

164 2390 354 2452 persuasum
369 2369 505 2449 videtur,
519 2379 573 2432 aut
587 2390 625 2431 eo
640 2379 786 2452 tempore
801 2369 890 2431 locus
905 2368 1031 2431 dicendi
1045 2369 1147 2445 datur,
1161 2391 1233 2432 cum

165 2459 228 2520 iam
248 2459 294 2520 illi
314 2478 395 2540 quos
415 2458 525 2520 audire
546 2466 673 2541 oportet
692 2457 809 2520 defessi
830 2467 904 2520 sunt
918 2457 1087 2520 audiendo.
1106 2459 1185 2534 lnv.,
1204 2466 1231 2534 1,

168 2553 214 2624 17,
231 2553 281 2610 23.

211 2685 263 2750 Ex
281 2682 335 2750 his
355 2682 438 2749 mihi
453 2683 522 2748 lere
539 2692 668 2749 certum
685 2681 821 2748 videtur
836 2681 1036 2750 Ciceronem
1053 2681 1234 2749 Rhetorica

166 2798 208 2865 ad
230 2798 438 2866 Herennium
457 2821 558 2864 usum
578 2821 668 2865 csse.
691 2799 852 2866 Ceterum
872 2797 906 2864 id
927 2798 1073 2864 sortasse
1093 2820 1160 2863 non
1180 2807 1234 2863 est

165 2915 251 2982 tanti
273 2913 433 2981 momenti
459 2913 577 3004 quanti
598 2913 735 2980 videtur
761 2935 829 2979 non
853 2912 967 2979 nullis.
996 2911 1120 2979 Hausit
1141 2921 1233 2978 certe

167 3031 288 3098 Cicero
308 3054 349 3097 ex
364 3054 432 3097 una
449 3029 571 3097 saltem
587 3040 659 3096 arte
676 3030 809 3096 Latina.
828 3031 914 3096 Puto
934 3027 1002 3095 illis
1022 3027 1232 3118 temporibus

166 3157 258 3213 artes
282 3145 403 3212 Latine
424 3145 571 3235 scriptas
591 3144 659 3211 iam
678 3145 803 3212 multas
823 3143 929 3210 luisse
950 3145 973 3225 ¹,
996 3166 1122 3234 easque
1145 3143 1234 3210 inter

167 3286 203 3329 se
227 3261 327 3328 valde
351 3261 492 3328 similes.
520 3263 571 3328 Ex
599 3284 666 3351 qua
693 3282 810 3326 earum
840 3259 961 3328 Cicero
989 3259 1143 3326 hauserit
1166 3282 1233 3325 non

166 3377 283 3468 magni
310 3378 425 3458 refert,
455 3375 555 3443 modo
582 3375 730 3442 sciamus
760 3374 867 3442 multa
894 3398 981 3465 quae
1009 3374 1043 3440 in
1070 3375 1167 3442 libris
1192 3374 1232 3441 de

168 3492 366 3575 Inventione
387 3491 474 3559 etin
496 3490 677 3559 Rhetorica
698 3490 740 3557 ad
762 3490 968 3557 Herennium
983 3492 996 3535 2
1012 3491 1173 3580 leguntur
1192 3513 1234 3556 ex

166 3607 335 3675 communi
350 3607 464 3699 aliqua
480 3606 634 3674 doctrina
650 3629 752 3696 quam
767 3606 952 3696 scriptores
973 3605 1097 3672 artium
1113 3605 1233 3673 Latine

167 3723 303 3790 tradere
321 3723 476 3790 solebant
492 3746 569 3789 esse
585 3732 734 3812 sumpta.

210 3839 326 3907 Minus
339 3838 420 3906 trita
430 3847 614 3929 praecepta
629 3837 663 3903 in
678 3836 775 3904 libris
786 3838 828 3904 dc
840 3839 985 3906 Oratore
998 3836 1118 3906 Cicero
1135 3860 1233 3927 expo·
1313 3849 1316 3857 ⁴

201 4001 226 4051 l.
249 4001 339 4060 Marx,
357 3997 397 4051 ad
412 4001 479 4052 Her.
494 3999 617 4072 proleg„
636 4019 664 4069 p.
682 3999 743 4050 134.

201 4081 227 4131 2.
250 4079 365 4131 Similes
387 4078 466 4131 locos
489 4080 537 4149 qui
560 4079 589 4130 in
608 4088 728 4148 utraque
751 4087 811 4130 arte
831 4079 1013 4148 reperiuntur
1032 4078 1113 4131 multi
1132 4086 1232 4130 contu-

166 4159 268 4220 lerunt,
285 4178 310 4210 v.
328 4177 355 4229 g.
373 4158 508 4229 Purgold,
525 4179 553 4229 p.
571 4159 819 4220 310-3213132der,
835 4160 953 4228 p.6-18;
972 4158 1084 4218 Schiitz,
1103 4159 1136 4210 ad
1152 4159 1230 4218 Her„

166 4259 194 4310 p.
222 4258 357 4298 1x-xvnr;
386 4241 507 4310 Kayser,
534 4239 567 4290 ad
595 4239 674 4298 Her.,
700 4257 728 4308 p.
754 4257 802 4298 xn,
828 4257 854 4289 n.
881 4240 919 4298 1;
945 4239 1104 4292 accuratius
1129 4238 1232 4290 ceteris

166 4319 265 4372 Thiele
280 4317 533 4390 (Quaestiaues...)
548 4319 660 4388 integro
676 4317 734 4370 sere
750 4317 859 4370 libello.

1087 4442 1101 4485 6
