3062 5050
580 1167 781 1278 lndex
827 1169 876 1278 ll

248 1693 414 1744 Puooeuuiu
419 1731 1132 1749 .....................
1223 1712 1260 1745 vu

246 1772 328 1822 Lrom
344 1791 371 1822 1u
387 1790 502 1832 Quorum
517 1790 678 1824 usuaroueu
694 1791 781 1823 rucrm
806 1815 1131 1829 ..........
1234 1792 1260 1824 1x

248 1851 400 1904 Eo1r1ouss
415 1869 516 1912 oureus
532 1871 637 1903 uenus
657 1869 725 1903 osus
745 1871 799 1903 suu
806 1893 1132 1908 ..........
1216 1871 1260 1904 xv1

192 1993 287 2044 CAPUT
308 1995 319 2044 1
343 2013 347 2044 :
368 1991 476 2060 Quanti
497 1999 592 2050 artem
614 1993 796 2050 rhetoricam
818 1994 856 2049 11.
877 1993 992 2048 'rullius
1013 1993 1133 2050 iecerit.
1245 1998 1259 2047 1

324 2121 347 2168 1.
367 2137 401 2156 -·-
419 2119 595 2186 Argumenta
612 2117 761 2186 generalia
768 2160 1130 2175 ...........
1244 2120 1258 2170 1

327 2199 350 2248 2.
368 2229 403 2236 —
422 2196 501 2248 Libri
516 2195 551 2250 de
576 2199 696 2250 Oratore
716 2215 782 2249 urim
805 2205 904 2249 contra
925 2197 1051 2250 rhetores
1067 2215 1134 2249 cou-

421 2276 523 2350 scripti
545 2276 603 2328 siut
627 2319 1130 2333 ...............
1244 2280 1259 2329 5

327 2358 351 2408 3.
369 2388 404 2395 -
423 2358 497 2408 Νιιιη
511 2357 578 2409 libri
591 2355 626 2409 de
642 2359 762 2409 Oratore
774 2363 873 2409 contra
889 2377 901 2405 a
916 2356 1042 2409 rhetores
1054 2356 1134 2409 Lati-

421 2453 471 2487 uos
488 2456 500 2486 o
517 2435 620 2509 scripti
633 2436 691 2488 siut
697 2477 1129 2493 .............
1244 2440 1257 2490 7

328 2517 351 2566 1.
369 2548 404 2555 -
422 2517 497 2567 Num
522 2518 692 2568 Graecorum
715 2515 857 2568 institutio
877 2515 1005 2568 oratoria
1026 2514 1134 2588 uitupe-

425 2603 504 2647 retur
518 2637 1129 2653 ..................
1226 2598 1256 2646 11

326 2677 403 2726 5,-
425 2673 501 2742 Quid
523 2674 618 2727 Cicero
638 2692 655 2727 a
677 2674 819 2728 rhetorica
839 2674 994 2736 abiudicet,
1018 2674 1088 2748 quid
1108 2674 1135 2728 ei

422 2754 531 2807 tribuat
555 2796 1129 2812 .................
1224 2758 1257 2806 12

325 2835 349 2884 s.
368 2867 403 2873 -
425 2838 500 2902 Quos
519 2833 614 2887 Cicero
629 2841 760 2887 auctores
774 2843 801 2886 et
816 2851 903 2907 quam
916 2833 1055 2886 rationem
1069 2833 1134 2886 rhe-

424 2914 542 2966 toricam
557 2912 733 2987 sequendam
748 2931 810 2966 esse
823 2913 980 2966 arbitretur
982 2955 1128 2970 ,,,,,
1225 2916 1257 2966 15

424 2993 571 3046 Conclusio
575 3037 1128 3049 .................
1225 2995 1257 3045 ’19

298 2118 310 2189 i

298 2198 311 2268 i

298 2357 311 2429 5

298 2516 311 2588 b

297 2675 310 2745 i

297 2833 310 2905 i

192 3135 286 3185 Cruor
306 3136 332 3186 11
355 3155 360 3186 ι
381 3135 453 3202 Quid
475 3156 487 3184 «
504 3134 637 3206 antiquis
652 3157 663 3184 r
687 3135 788 3191 dicero
808 3134 944 3191 debuerit
947 3175 1128 3190 ......
1223 3136 1257 3186 20

297 3260 310 3330 ξ
326 3262 349 3310 1.
369 3292 403 3298 -
425 3258 501 3326 Quid
515 3259 632 3312 Plutoni
646 3258 778 3312 debuerit
802 3303 1126 3316 ..........
1223 3261 1254 3311 21

296 3340 348 3409 §2
367 3372 402 3378 —
424 3337 500 3406 Quid
514 3339 637 3391 Isocrati
652 3337 783 3391 debuerit
802 3383 1127 3396 ,,,,,,,,,,
1223 3341 1256 3390 26

296 3420 347 3490 3¹3.
366 3451 401 3457 —
423 3417 499 3486 Quid
513 3419 650 3471 Isocratis
666 3417 818 3492 discipulis
835 3417 965 3471 debuerit
980 3462 1127 3475 .....
1223 3421 1254 3470 31

296 3501 308 3569 ξ
324 3500 347 3549 4.
367 3531 401 3536 —
424 3497 499 3566 Quid
514 3498 664 3551 Aristoteli
681 3497 812 3550 debuerit
836 3541 1126 3555 ,,,,,,,,,
1222 3500 1256 3550 32

296 3580 348 3646 §5-
367 3610 402 3617 —
424 3577 500 3645 Quid
515 3577 653 3629 veteribus
674 3577 877 3651 Peripateticis
895 3577 1026 3630 debuerit
1050 3622 1055 3634 .
1085 3623 1090 3634 .
1120 3622 1126 3634 .
1222 3579 1256 3630 39

422 3657 569 3728 Conclusio
588 3701 1126 3713 ................
1223 3659 1253 3708 -11

188 3801 281 3851 Cipo-vr
303 3801 342 3850 111
364 3820 368 3850 :
388 3799 460 3866 Quid
478 3799 700 3856 recentioribus
717 3799 818 3856 dicero
833 3799 972 3856 debuerit
978 3844 1125 3856 .....
1222 3801 1255 3851 43

294 3924 347 3994 51.
366 3956 401 3963 —
424 3922 500 3989 Quid
515 3925 710 3992 Hermagorae
724 3922 855 3976 debuerit
870 3967 1125 3980 ,,,,,,,,
1222 3925 1255 3975 43

323 4005 346 4054 2.
366 4036 400 4042 —-
422 4002 498 4069 Quid
523 4003 661 4056 Asiaticis
686 4001 862 4076 Rhodiisque
889 4002 1048 4055 rhetoribus
1078 4002 1130 4056 de·

421 4083 513 4134 lucerii
520 4123 1125 4140 ..................
1221 4084 1253 4135 18

323 4165 347 4213 3.
367 4195 401 4201 —-
423 4161 499 4230 Quid
515 4162 617 4215 Stoicis
633 4160 764 4214 debuerit
766 4203 1125 4218 ...........
1221 4165 1252 4215 51

323 4244 346 4293 4.
366 4274 400 4281 —
423 4240 498 4310 Quid
517 4240 698 4295 Academicis
714 4241 845 4294 debuerit
870 4285 875 4299 .
905 4285 911 4298 .
940 4285 946 4298 .
976 4285 982 4298 .
1009 4247 1017 4299 ”.
1047 4285 1053 4298 .
1083 4285 1088 4298 .
1118 4285 1124 4298 .
1220 4243 1252 4294 57

294 4007 307 4071 b

294 4163 307 4256 s

293 4245 345 4390 35.
364 4355 398 4360 -—
421 4319 497 4387 Quid
512 4320 622 4373 Latinis
642 4320 773 4374 debuerit
798 4363 1123 4378 ,,,,,,,,,,
1219 4323 1253 4373 63
