3086 5040
383 477 399 550 ἓ
418 481 445 536 5.
467 510 499 519 -
519 497 588 546 oum
608 497 772 538 versamus
792 489 1008 538 runrrnrnrrcrs
1028 499 1175 540 uauunmr
1278 483 1310 540 11
1338 509 1340 516 v

248 653 324 696 esse
340 629 531 697 dicendum.
550 634 643 698 Haec
658 630 797 698 enimin
812 633 958 700 Oratore
973 631 1139 723 legimus:
1160 659 1176 697 a
1193 636 1311 702 Sermo

250 773 266 808 «
287 769 392 835 purus
409 745 473 812 erit
488 756 521 814 et
538 747 703 830 Latinus;
721 747 867 814 dilucide
882 747 1048 839 planeque
1065 749 1208 830 dicetur,
1230 751 1311 841 quid

249 889 266 924 «
287 861 405 929 deceat
425 862 736 953 circumspiciatur;
759 887 863 930 unum
879 863 988 930 aberit
1003 865 1012 909 ¹
1030 867 1127 952 quod
1142 881 1310 954 quartum

249 1005 265 1042 «
288 992 453 1045 natuerat
477 979 743 1068 Theophrastus
763 978 798 1045 iu
817 979 981 1046 orationis
1003 980 1186 1048 laudibus:
1211 1006 1312 1050 orna·

249 1122 265 1157 «
287 1105 358 1161 tum
373 1093 468 1176 illud,
487 1117 592 1161 suave
609 1105 643 1161 et
656 1096 797 1162 affluens
809 1098 822 1141 ²
833 1123 863 1161 n.
878 1095 1031 1187 Denique
1042 1120 1062 1163 a
1074 1097 1312 1187 Theophrasto

247 1220 419 1299 sumptum
435 1220 488 1276 est
502 1209 585 1277 illud
602 1237 609 1278 :
630 1239 646 1273 «
663 1210 865 1279 Verecunda
880 1235 957 1278 esse
974 1211 1076 1279 debet
1089 1213 1226 1280 tralatio
1241 1216 1254 1258 ³
1270 1241 1286 1277 »
1303 1237 1310 1294 ;

246 1325 336 1416 quod
351 1349 393 1392 ex
406 1325 552 1416 epistula
565 1325 713 1416 quadam
727 1325 903 1394 Ciceronis
917 1326 1134 1394 manifestum
1149 1338 1222 1408 est,
1239 1331 1312 1395 «Et

249 1467 265 1502 ι(
287 1441 453 1522 doctrina,
475 1435 662 1522 et'domuS,
685 1451 718 1509 et
739 1465 807 1522 arS,
830 1452 864 1508 et
886 1464 970 1532 ager
990 1441 1092 1509 etiam
1113 1442 1222 1509 fidelis
1245 1443 1311 1511 dici

248 1583 265 1618 a
286 1566 410 1647 potest,
422 1567 460 1624 ut
473 1557 529 1638 sit,
541 1581 607 1648 quo
621 1558 720 1624 modo
734 1557 970 1647 Theophrasto
985 1558 1311 1647 placet,verecunda

248 1699 265 1734 «
286 1672 422 1740 tralatio
437 1674 450 1718 '¹
466 1700 496 1740 n.
1148 1651 1156 1664 ι

291 1788 390 1874 Quod
412 1788 537 1880 siquis
560 1789 720 1880 colligere
742 1789 826 1857 velit
847 1790 928 1882 quid
950 1789 1171 1882 «antiquis»
1192 1789 1312 1859 Cicero

248 1904 414 1987 debuerit,
442 1905 578 1996 singula
602 1905 738 1996 quidem
760 1917 944 1997 praecepta
965 1907 1018 1974 cui
1040 1906 1221 1975 tribuenda
1244 1906 1313 1974 sint

247 2020 444 2112 plerumque
464 2021 613 2111 reperire
633 2046 700 2090 nou
718 2023 855 2112 poterit,
878 2047 1084 2115 quamquam
1109 2033 1238 2090 certum
1260 2033 1314 2090 est

247 2137 413 2226 quaedam
435 2161 476 2204 ex
498 2137 540 2204 iis
564 2137 781 2229 antiquorum
803 2139 921 2206 fuisse.
947 2140 1014 2206 Sed
1037 2139 1126 2231 quod
1148 2139 1182 2205 in
1205 2139 1312 2206 mino-

248 2250 340 2319 ribus
360 2252 552 2344 praeceptis
573 2253 706 2320 deliniri
726 2255 855 2346 nequit,
876 2255 910 2321 id
931 2255 971 2321 de
992 2254 1161 2322 communi
1181 2254 1311 2321 ratione

247 2367 396 2435 oratoria
411 2393 477 2436 non
493 2380 547 2436 est
562 2369 712 2436 dubium.
731 2370 853 2438 Libros
869 2370 1045 2440 Ciceronis
1061 2370 1101 2437 de
1118 2372 1263 2439 Oratore
1279 2381 1312 2438 et

248 2484 428 2551 Oratorem
457 2486 500 2552 ab
531 2485 662 2554 artibus
691 2509 779 2577 quae
813 2487 932 2554 eodem
964 2496 1116 2577 tempore
1148 2487 1311 2577 vulgatae

247 2611 344 2667 erant
359 2600 541 2691 plurimum
557 2601 690 2669 dillerre
707 2626 805 2670 nemo
824 2603 973 2692 ignorat.
997 2607 1182 2693 Propterea
1198 2612 1311 2669 autem

247 2714 488 2806 discrepabant
516 2718 595 2808 quia
622 2741 662 2785 ea
687 2742 774 2808 quae
798 2718 969 2809 quondam
994 2718 1103 2799 Plato,
1127 2720 1309 2799 Isocrates,

247 2831 462 2914 Aristoteles,
494 2856 677 2925 eorumque
706 2834 863 2924 discipuli
891 2835 1116 2924 protulerant,
1148 2858 1234 2924 quae
1268 2835 1332 2902 ab'

247 2948 329 3015 artis
342 2948 566 3040 scriptoribus
579 2950 864 3040 neglegebantur,
882 2951 1003 3019 Cicero
1018 2974 1138 3017 rursus
1153 2950 1188 3016 in
1200 2951 1313 3018 lucem

247 3063 473 3155 honoremque
494 3066 645 3155 prolerre
661 3065 831 3155 cupiebat.
850 3068 937 3134 Cum
953 3067 1094 3134 Platone
1110 3077 1144 3133 et
1160 3069 1311 3134 Isocrate

247 3191 362 3248 censet
388 3181 564 3272 ingenium
593 3186 738 3248 maxime
766 3183 1000 3250 necessarium
1029 3206 1119 3265 esse,
1150 3182 1312 3250 exercita·

247 3295 371 3364 tionem
390 3297 662 3388 adiungendam
684 3308 792 3365 artem
811 3322 893 3366 vero
914 3299 1021 3366 solam
1042 3298 1084 3365 ad
1100 3297 1312 3365 efficiendum

247 3423 414 3481 oratorem
429 3413 565 3481 minime
581 3414 752 3496 sufficere3
770 3438 846 3482 cum
861 3416 1014 3496 Platone,
1035 3418 1199 3498 Isocrate,
1221 3415 1311 3482 Aris-

281 3639 306 3687 1.
326 3637 429 3708 Agitur
441 3639 476 3692 de
492 3639 569 3691 tenui
584 3657 688 3708 genere
705 3639 825 3691 dicendi.

282 3719 306 3774 2.
328 3719 389 3778 Or„
408 3720 503 3780 23-24,
522 3720 564 3772 79.

282 3799 306 3849 3.
327 3800 369 3851 De
384 3799 447 3860 Or.,
465 3801 490 3861 3,
508 3801 550 3860 41,
569 3801 637 3857 165;
654 3800 688 3852 cs.
707 3801 769 3860 Or.,
787 3802 829 3860 24,
848 3803 879 3853 81
895 3821 900 3858 ;
918 3801 986 3870 Opt.
1004 3819 1078 3869 gen„
1097 3803 1121 3862 2,
1139 3802 1162 3852 4.

282 3879 306 3929 4.
328 3880 415 3940 Fam,
434 3881 476 3942 16,
494 3882 537 3942 17,
555 3883 578 3931 1.
598 3883 690 3944 Quem
705 3880 798 3931 locum
815 3881 903 3934 Sorof
915 3882 995 3934 solus
1012 3899 1044 3933 ex
1058 3882 1219 3934 editoribus
1235 3882 1313 3934 tertii

245 3958 280 4010 de
293 3958 414 4012 Oratore
430 3959 498 4011 libri
510 3961 623 4012 videtur
637 3977 732 4013 nosse.
751 3961 806 4012 Sed
822 3979 912 4032 neque
928 3962 999 4032 ipse,
1018 3980 1108 4032 neque
1120 3962 1313 4014 Piderit-Har-

245 4037 356 4098 neclrer,
374 4057 465 4110 neque
485 4040 622 4101 wilkins,
643 4058 735 4110 neque
755 4041 836 4092 Cima
852 4042 945 4094 simile
961 4043 995 4094 de
1012 4041 1211 4111 Theophrasto
1230 4043 1312 4094 testi-

246 4119 368 4170 monium
392 4121 620 4172 commemoravit
644 4120 719 4191 quod
744 4129 835 4172 exstat
859 4122 887 4172 in
909 4121 984 4174 libro
1009 4119 1069 4196 περὶ
1095 4118 1189 4192 ὕψους.
1215 4123 1258 4182 32,
1285 4124 1311 4174 3.

246 4198 366 4252 Tulliani
377 4217 443 4252 vero
452 4199 507 4252 loci
515 4200 767 4269 diligentissimum
775 4200 866 4252 virum
875 4203 890 4252 J
894 4201 1030 4253 ohannem
1041 4201 1148 4253 Vahlen
1159 4201 1310 4263 latuerunt,

244 4296 316 4338 cum,
331 4277 460 4331 libellum
473 4278 533 4354 περὶ
547 4277 633 4350 ὕψους
653 4280 767 4332 tertium
788 4281 883 4343 edens,
904 4282 1073 4346 Quintiliani
1090 4281 1256 4333 sententiam
1272 4284 1309 4349 (8,

244 4357 318 4426 3,37)
333 4359 425 4411 minus
442 4377 507 4414 sane
523 4370 670 4431 cognatam
687 4359 776 4414 solam
792 4361 924 4430 protulit.
