3062 5050
233 469 268 524 ’Μ
305 484 398 525 CAPUT
411 484 450 523 1v.
469 497 500 504 -
517 483 586 532 QUID
599 481 750 522 CICERONIS
763 482 794 520 IN
807 480 884 520 ARTE
898 478 1064 520 adurentes
1078 480 1232 519 pucrulum

235 616 404 707 aliquibus
420 615 517 682 libris
529 615 599 682 sere
611 614 653 680 ad
663 613 806 680 verbum
818 613 887 680 sint
898 635 1073 702 expressa.
1087 612 1303 702 Quamquam

234 731 367 800 difficile
383 741 436 798 est
451 740 655 821 argumenta
670 729 858 820 ponderare
874 752 961 820 quae
976 752 1038 819 pro
1053 728 1116 794 hac
1130 727 1301 795 sententia

235 848 431 930 alterantur,
454 870 529 913 cum
550 870 570 912 a
590 845 761 935 plerisque
783 867 850 911 non
870 844 1032 934 probetur
1053 845 1113 911 sed
1130 853 1303 933 tamquam

234 962 378 1053 probata
402 972 600 1029 assumatur
625 961 667 1028 ad
696 961 764 1027 alia
793 959 1085 1026 demonstranda:
1117 982 1184 1026 non
1214 957 1302 1025 enim

234 1078 378 1146 fueritne
399 1077 527 1168 aliquid
548 1077 725 1146 Ciceronis
746 1075 921 1166 proprium
941 1085 1121 1166 quaerunt,
1145 1074 1206 1142 sed
1225 1084 1301 1140 tan-

234 1204 305 1261 tum
330 1195 418 1261 unde
442 1193 622 1274 hauserit;
649 1191 730 1258 nihil
755 1191 789 1257 in
815 1191 888 1258 eius
915 1190 1053 1280 seriptis
1079 1214 1156 1257 esse
1181 1197 1302 1279 putant

235 1311 324 1402 quod
340 1333 406 1376 non
423 1309 468 1377 sit
483 1309 620 1376 aliunde
636 1318 820 1397 sumptum.

235 1569 248 1642 ᾗ
276 1564 304 1626 t.
330 1601 374 1609 —
398 1562 512 1628 Num
536 1561 638 1629 libri
663 1562 715 1627 de
742 1560 998 1628 Inventione
1022 1559 1110 1626 sint
1134 1576 1185 1625 ex
1213 1575 1301 1624 uno

476 1678 644 1744 Graeco
669 1676 833 1760 scripto
858 1675 1064 1759 expressi.

281 1873 318 1936 ln
329 1870 435 1936 libros
447 1869 488 1935 de
501 1869 699 1936 inventione
712 1869 935 1938 subtilissime
947 1868 1124 1958 inquisivit
1135 1872 1173 1934 F.
1185 1871 1299 1948 Marx3

235 1987 295 2053 sed
317 1985 548 2076 inquisitionis
571 1984 671 2076 quasi
695 1985 952 2052 fundamentum
975 1984 1090 2075 posuit
1114 2007 1173 2051 eos
1197 1983 1301 2050 libros

235 2126 301 2169 non
324 2125 344 2167 a
367 2101 531 2170 Cicerone
553 2101 629 2190 ipso
652 2103 823 2168 conlectos
848 2100 908 2168 sed
935 2102 976 2168 ab
1000 2100 1113 2191 aliquo
1135 2099 1301 2190 magistro

235 2218 403 2285 dictatos:
422 2217 518 2284 cuius
538 2217 586 2283 rei
608 2218 736 2283 nullum
756 2228 997 2308 argumentum
1015 2216 1069 2282 vir
1083 2214 1301 2282 doctissimus

236 2333 334 2401 allert
349 2333 415 2399 nisi
431 2333 515 2400 hoc:
536 2361 552 2395 «
576 2336 603 2400 T
606 2343 662 2399 ota
682 2357 764 2400 uero
784 2333 948 2400 librorum
969 2332 1010 2398 de
1029 2331 1114 2414 inu,
1132 2341 1255 2397 natura
1270 2340 1303 2397 et

238 2477 254 2511 a
276 2448 476 2538 compositio
498 2473 538 2515 ea
560 2459 613 2515 est
641 2459 679 2515 ut
703 2449 823 2517 Cicero
852 2471 919 2514 non
947 2448 1105 2514 uideatur
1133 2470 1197 2514 sua
1223 2470 1302 2513 con-

238 2593 253 2628 «
276 2565 458 2654 scripsisse
476 2566 535 2631 sed
552 2565 661 2631 aliena
678 2575 736 2631 aut
751 2564 977 2654 exscripsisse
998 2575 1057 2631 aut
1076 2562 1301 2653 descripsisse

238 2709 253 2743 t<
276 2680 403 2748 dictata
420 2682 441 2745 ¹.
462 2708 478 2744 ))

281 2796 346 2864 Sed
357 2795 440 2862 haec
449 2795 584 2862 minime
594 2819 669 2862 cum
682 2795 885 2862 testimoniis
898 2805 931 2862 et
942 2796 1084 2863 historia
1096 2804 1299 2885 congruunt.

237 2917 286 2979 De
306 2913 348 2978 iis
369 2912 457 2978 enim
477 2912 574 2978 libris
596 2911 716 2981 Cicero
737 2923 857 3002 postea
877 2913 1011 2979 locutus
1027 2922 1092 2991 est,
1110 2935 1176 2978 non
1191 2921 1229 2977 ut
1244 2933 1301 2978 eos

235 3027 391 3095 laudaret
410 3028 496 3095 iisve
518 3028 723 3118 gloriaretur
744 3029 804 3095 sed
824 3039 861 3094 ut
877 3038 1058 3095 excusaret
1074 3052 1110 3094 se
1127 3027 1217 3117 quod
1233 3037 1301 3093 tam

235 3143 386 3233 impolita
402 3167 506 3233 opera
522 3143 702 3210 effecisset.
723 3147 841 3236 ltaque
863 3145 990 3211 fatetur
1008 3143 1119 3234 prima
1138 3142 1196 3209 illa
1219 3169 1235 3204 (ι
1251 3142 1302 3208 in-

236 3259 357 3326 choata
377 3270 411 3326 et
430 3257 527 3326 rudia
547 3261 559 3304 2
581 3287 596 3323 »
620 3283 709 3341 esse,
736 3287 751 3321 «
775 3259 898 3350 vixque
921 3259 985 3326 hac
1008 3269 1120 3326 aetate
1142 3258 1248 3349 digna
1270 3268 1303 3324 et

193 3518 198 3528 ,
271 3458 295 3506 1.
317 3455 363 3506 Ad
383 3457 449 3508 Her.
467 3457 588 3528 proleg„
611 3476 639 3526 p.
661 3458 711 3514 78;
734 3456 769 3507 cf.
789 3455 873 3513 Ibid,
894 3475 922 3525 p.
946 3457 1015 3507 162:
1038 3476 1049 3503 ι(
1072 3455 1174 3507 Cicero
1192 3455 1302 3507 auditas

238 3557 249 3585 a
271 3536 356 3606 paulo
372 3545 434 3587 ante
450 3535 556 3587 bellum
570 3535 724 3587 Marsicum
740 3535 936 3605 praeceptoris
950 3537 994 3586 sui
1011 3535 1125 3587 scholas
1140 3544 1167 3587 et
1182 3536 1211 3586 in
1226 3553 1302 3587 com-

238 3637 249 3664 «
271 3616 425 3667 mentarios
446 3633 514 3667 suos
534 3617 638 3667 relatas
659 3616 779 3668 adiectis
798 3617 955 3685 prooemiis
975 3625 1002 3668 et
1022 3615 1146 3685 epilogis
1167 3615 1257 3667 edidit
1277 3635 1301 3665 r.

236 3699 318 3748 Putat
338 3696 417 3746 Marx
437 3697 583 3765 prooemia
603 3695 744 3747 librorum
764 3696 799 3747 de
819 3697 981 3748 Inventione
1005 3716 1016 3744 a
1039 3714 1071 3748 ex
1091 3696 1303 3765 prooemiorum

236 3776 355 3846 quadam
376 3774 544 3827 collectione
565 3797 577 3825 v
602 3775 695 3843 (Ilia,
718 3795 746 3845 p.
770 3777 812 3842 78)
830 3785 941 3845 sumpta
957 3793 1021 3827 esse
1037 3794 1120 3845 quam
1136 3776 1302 3827 Ciceronem

235 3865 336 3926 postea
351 3855 379 3904 in
395 3856 605 3906 commentariis
622 3856 682 3906 suis
698 3855 834 3907 habuisse
850 3865 969 3907 constat.
988 3855 1066 3918 (Ate,
1084 3857 1126 3915 16,
1144 3857 1170 3916 6,
1189 3857 1224 3922 4).
1242 3857 1304 3907 Non

235 3953 308 4004 nego
333 3934 498 3986 Ciceronem
524 3934 669 3995 habuisse,
696 3953 767 3987 anno
790 3937 832 3996 44,
857 3953 913 4004 quo
937 3945 1064 4005 tempore
1084 3935 1190 3987 multos
1212 3935 1303 3988 libros

236 4016 307 4066 mira
320 4014 468 4066 celeritate
479 4015 686 4075 conscribebat,
703 4015 834 4066 volumen
849 4015 1062 4084 prooemiorum
1078 4015 1151 4067 unde
1167 4024 1301 4076 sumeret,

236 4114 299 4146 cum
313 4094 338 4145 ei
355 4111 427 4163 opus
443 4103 529 4146 esset.
548 4095 602 4146 Sed
618 4112 673 4145 non
688 4094 752 4146 inde
768 4094 907 4164 probatur
922 4094 1099 4155 Ciceronem,
1118 4095 1304 4165 quadraginta

236 4175 316 4226 annis
338 4183 427 4234 antea,
451 4192 514 4225 cum
538 4192 610 4243 puer
628 4174 672 4226 vel
692 4174 923 4226 adulescentulus
943 4183 1029 4234 esset,
1051 4175 1107 4226 iam
1126 4175 1154 4226 id
1174 4175 1304 4227 volumen

237 4253 383 4305 habuisse.

273 4335 299 4384 2.
322 4333 363 4386 De
380 4333 442 4395 On,
460 4335 484 4395 1,
503 4334 527 4395 2,
545 4335 570 4386 5.
