<?xml version="1.0" encoding="UTF-8"?>
<!DOCTYPE html PUBLIC "-//W3C//DTD XHTML 1.0 Transitional//EN"
    "http://www.w3.org/TR/xhtml1/DTD/xhtml1-transitional.dtd">
<html xmlns="http://www.w3.org/1999/xhtml" xml:lang="en" lang="en">
 <head>
  <title>
</title>
<meta http-equiv="Content-Type" content="text/html;charset=utf-8" />
  <meta name='ocr-system' content='tesseract 3.04.00' />
  <meta name='ocr-capabilities' content='ocr_page ocr_carea ocr_par ocr_line ocrx_word'/>
</head>
<body>
  <div class='ocr_page' id='page_1' title='image "./demtulliciceron00laurgoog_0081.png"; bbox 0 0 3062 5050; ppageno 0'>
   <div class='ocr_carea' id='block_1_1' title="bbox 270 493 1224 559">
    <p class='ocr_par' dir='ltr' id='par_1_1' title="bbox 270 493 1224 559">
     <span class='ocr_line' id='line_1_1' title="bbox 270 493 1224 559; baseline 0.003 -10"><span class='ocrx_word' id='word_1_1' title='bbox 270 493 305 550; x_wconf 72' lang='lat'><strong>54</strong></span> <span class='ocrx_word' id='word_1_2' title='bbox 386 509 479 550; x_wconf 77' lang='lat' dir='ltr'><strong>carur</strong></span> <span class='ocrx_word' id='word_1_3' title='bbox 499 509 540 550; x_wconf 89' lang='lat' dir='ltr'><strong>nr.</strong></span> <span class='ocrx_word' id='word_1_4' title='bbox 562 523 594 534; x_wconf 90' lang='lat'>-</span> <span class='ocrx_word' id='word_1_5' title='bbox 615 511 683 559; x_wconf 79' lang='lat' dir='ltr'><strong>Quin</strong></span> <span class='ocrx_word' id='word_1_6' title='bbox 704 511 936 552; x_wconf 80' lang='lat' dir='ltr'><strong>necrurromsus</strong></span> <span class='ocrx_word' id='word_1_7' title='bbox 955 509 1057 552; x_wconf 81' lang='lat' dir='ltr'><strong>cronno</strong></span> <span class='ocrx_word' id='word_1_8' title='bbox 1077 512 1224 552; x_wconf 80' lang='lat' dir='ltr'><strong>nesunmr</strong></span> 
     </span>
    </p>
   </div>
   <div class='ocr_carea' id='block_1_2' title="bbox 269 644 1338 2329">
    <p class='ocr_par' dir='ltr' id='par_1_2' title="bbox 271 644 1337 899">
     <span class='ocr_line' id='line_1_2' title="bbox 271 644 1335 730; baseline 0.002 -24"><span class='ocrx_word' id='word_1_9' title='bbox 271 644 435 727; x_wconf 65' lang='lat' dir='ltr'><strong>eloquens</strong></span> <span class='ocrx_word' id='word_1_10' title='bbox 453 664 525 706; x_wconf 90' lang='lat' dir='ltr'><strong>eum</strong></span> <span class='ocrx_word' id='word_1_11' title='bbox 539 644 674 707; x_wconf 87' lang='lat' dir='ltr'><strong>virtutes</strong></span> <span class='ocrx_word' id='word_1_12' title='bbox 689 665 801 707; x_wconf 87' lang='lat' dir='ltr'><strong>omnes</strong></span> <span class='ocrx_word' id='word_1_13' title='bbox 815 646 933 708; x_wconf 89' lang='lat' dir='ltr'><strong>habere</strong></span> <span class='ocrx_word' id='word_1_14' title='bbox 949 655 1044 729; x_wconf 86' lang='lat' dir='ltr'><strong>atque</strong></span> <span class='ocrx_word' id='word_1_15' title='bbox 1059 666 1130 708; x_wconf 88' lang='lat' dir='ltr'><strong>esse</strong></span> <span class='ocrx_word' id='word_1_16' title='bbox 1146 646 1335 730; x_wconf 82' lang='lat' dir='ltr'><strong>sapientem.</strong></span> 
     </span>
     <span class='ocr_line' id='line_1_3' title="bbox 273 732 1337 820; baseline 0.003 -25"><span class='ocrx_word' id='word_1_17' title='bbox 273 732 337 795; x_wconf 86' lang='lat' dir='ltr'><strong>Sed</strong></span> <span class='ocrx_word' id='word_1_18' title='bbox 353 733 431 794; x_wconf 88' lang='lat' dir='ltr'><strong>haec</strong></span> <span class='ocrx_word' id='word_1_19' title='bbox 446 742 515 795; x_wconf 88' lang='lat' dir='ltr'><strong>erat</strong></span> <span class='ocrx_word' id='word_1_20' title='bbox 529 734 660 816; x_wconf 88' lang='lat' dir='ltr'><strong>spinosa</strong></span> <span class='ocrx_word' id='word_1_21' title='bbox 675 734 831 816; x_wconf 82' lang='lat' dir='ltr'>quaedam</span> <span class='ocrx_word' id='word_1_22' title='bbox 847 743 879 796; x_wconf 91' lang='lat' dir='ltr'><strong>et</strong></span> <span class='ocrx_word' id='word_1_23' title='bbox 893 734 984 796; x_wconf 88' lang='lat' dir='ltr'><strong>exilis</strong></span> <span class='ocrx_word' id='word_1_24' title='bbox 999 736 1112 810; x_wconf 90' lang='lat' dir='ltr'><strong>oratio,</strong></span> <span class='ocrx_word' id='word_1_25' title='bbox 1125 735 1286 820; x_wconf 83' lang='lat' dir='ltr'>longeque</span> <span class='ocrx_word' id='word_1_26' title='bbox 1297 737 1337 798; x_wconf 88' lang='lat' dir='ltr'><strong>ab</strong></span> 
     </span>
     <span class='ocr_line' id='line_1_4' title="bbox 271 822 1101 899; baseline 0.002 -15"><span class='ocrx_word' id='word_1_27' title='bbox 271 822 389 884; x_wconf 91' lang='lat' dir='ltr'><strong>nostris</strong></span> <span class='ocrx_word' id='word_1_28' title='bbox 406 822 554 884; x_wconf 84' lang='lat' dir='ltr'>sensibus</span> <span class='ocrx_word' id='word_1_29' title='bbox 569 823 772 885; x_wconf 84' lang='lat' dir='ltr'><strong>abhorrebat.</strong></span> <span class='ocrx_word' id='word_1_30' title='bbox 790 823 838 885; x_wconf 88' lang='lat' dir='ltr'><strong>De</strong></span> <span class='ocrx_word' id='word_1_31' title='bbox 854 824 923 898; x_wconf 75' lang='lat' dir='ltr'><strong>On,</strong></span> <span class='ocrx_word' id='word_1_32' title='bbox 942 830 968 899; x_wconf 90' lang='lat'><strong>1,</strong></span> <span class='ocrx_word' id='word_1_33' title='bbox 989 829 1035 899; x_wconf 88' lang='lat'><strong>18,</strong></span> <span class='ocrx_word' id='word_1_34' title='bbox 1052 829 1101 886; x_wconf 91' lang='grc'><strong>83.</strong></span> 
     </span>
    </p>

    <p class='ocr_par' dir='ltr' id='par_1_3' title="bbox 269 911 1338 1788">
     <span class='ocr_line' id='line_1_5' title="bbox 311 911 1338 994; baseline 0.002 -22"><span class='ocrx_word' id='word_1_35' title='bbox 311 911 369 973; x_wconf 91' lang='lat' dir='ltr'><strong>Est</strong></span> <span class='ocrx_word' id='word_1_36' title='bbox 384 911 468 973; x_wconf 87' lang='lat' dir='ltr'><strong>enim</strong></span> <span class='ocrx_word' id='word_1_37' title='bbox 484 912 670 994; x_wconf 82' lang='lat' dir='ltr'><strong>eloquentia</strong></span> <span class='ocrx_word' id='word_1_38' title='bbox 686 935 753 973; x_wconf 87' lang='lat' dir='ltr'><strong>una</strong></span> <span class='ocrx_word' id='word_1_39' title='bbox 769 912 932 994; x_wconf 82' lang='lat' dir='ltr'><strong>quaedam</strong></span> <span class='ocrx_word' id='word_1_40' title='bbox 948 914 987 974; x_wconf 89' lang='lat' dir='ltr'><strong>de</strong></span> <span class='ocrx_word' id='word_1_41' title='bbox 1002 915 1138 974; x_wconf 82' lang='lat' dir='ltr'><strong>summis</strong></span> <span class='ocrx_word' id='word_1_42' title='bbox 1150 915 1338 990; x_wconf 79' lang='lat' dir='ltr'><strong>virtutibus‚·</strong></span> 
     </span>
     <span class='ocr_line' id='line_1_6' title="bbox 271 1002 1337 1086; baseline 0.003 -25"><span class='ocrx_word' id='word_1_43' title='bbox 271 1020 465 1083; x_wconf 85' lang='lat' dir='ltr'><strong>quamquam</strong></span> <span class='ocrx_word' id='word_1_44' title='bbox 495 1010 569 1062; x_wconf 91' lang='lat' dir='ltr'><strong>sunt</strong></span> <span class='ocrx_word' id='word_1_45' title='bbox 597 1021 708 1063; x_wconf 88' lang='lat' dir='ltr'><strong>omnes</strong></span> <span class='ocrx_word' id='word_1_46' title='bbox 736 1002 871 1063; x_wconf 90' lang='lat' dir='ltr'><strong>virtutes</strong></span> <span class='ocrx_word' id='word_1_47' title='bbox 900 1003 1050 1085; x_wconf 90' lang='lat' dir='ltr'><strong>aequales</strong></span> <span class='ocrx_word' id='word_1_48' title='bbox 1079 1012 1111 1064; x_wconf 89' lang='lat' dir='ltr'><strong>et</strong></span> <span class='ocrx_word' id='word_1_49' title='bbox 1139 1023 1245 1086; x_wconf 90' lang='lat' dir='ltr'><strong>pares,</strong></span> <span class='ocrx_word' id='word_1_50' title='bbox 1281 1003 1337 1066; x_wconf 87' lang='lat' dir='ltr'><strong>sed</strong></span> 
     </span>
     <span class='ocr_line' id='line_1_7' title="bbox 271 1089 1338 1173; baseline 0.003 -23"><span class='ocrx_word' id='word_1_51' title='bbox 271 1098 378 1151; x_wconf 89' lang='lat' dir='ltr'><strong>tamen</strong></span> <span class='ocrx_word' id='word_1_52' title='bbox 398 1098 448 1150; x_wconf 92' lang='lat' dir='ltr'><strong>est</strong></span> <span class='ocrx_word' id='word_1_53' title='bbox 465 1090 589 1172; x_wconf 87' lang='lat' dir='ltr'><strong>species</strong></span> <span class='ocrx_word' id='word_1_54' title='bbox 605 1090 667 1150; x_wconf 84' lang='lat' dir='ltr'><strong>alia</strong></span> <span class='ocrx_word' id='word_1_55' title='bbox 683 1091 787 1173; x_wconf 87' lang='lat' dir='ltr'><strong>magis</strong></span> <span class='ocrx_word' id='word_1_56' title='bbox 802 1089 864 1151; x_wconf 87' lang='lat' dir='ltr'><strong>alin</strong></span> <span class='ocrx_word' id='word_1_57' title='bbox 879 1091 1020 1152; x_wconf 79' lang='lat' dir='ltr'><strong>formosa</strong></span> <span class='ocrx_word' id='word_1_58' title='bbox 1034 1100 1066 1153; x_wconf 91' lang='lat' dir='ltr'><strong>et</strong></span> <span class='ocrx_word' id='word_1_59' title='bbox 1080 1091 1214 1154; x_wconf 90' lang='lat' dir='ltr'><strong>illustris</strong></span> <span class='ocrx_word' id='word_1_60' title='bbox 1228 1114 1234 1167; x_wconf 93' lang='lat'>;</span> <span class='ocrx_word' id='word_1_61' title='bbox 1257 1092 1338 1153; x_wconf 89' lang='lat' dir='ltr'><strong>sicut</strong></span> 
     </span>
     <span class='ocr_line' id='line_1_8' title="bbox 271 1179 1338 1262; baseline 0.004 -23"><span class='ocrx_word' id='word_1_62' title='bbox 271 1179 350 1240; x_wconf 86' lang='lat' dir='ltr'><strong>haec</strong></span> <span class='ocrx_word' id='word_1_63' title='bbox 369 1179 428 1253; x_wconf 89' lang='lat' dir='ltr'><strong>vis,</strong></span> <span class='ocrx_word' id='word_1_64' title='bbox 451 1198 532 1261; x_wconf 88' lang='lat' dir='ltr'><strong>quae</strong></span> <span class='ocrx_word' id='word_1_65' title='bbox 552 1179 718 1240; x_wconf 87' lang='lat' dir='ltr'><strong>scientiam</strong></span> <span class='ocrx_word' id='word_1_66' title='bbox 739 1179 905 1262; x_wconf 87' lang='lat' dir='ltr'><strong>complexa</strong></span> <span class='ocrx_word' id='word_1_67' title='bbox 925 1201 1031 1242; x_wconf 87' lang='lat' dir='ltr'><strong>rerum</strong></span> <span class='ocrx_word' id='word_1_68' title='bbox 1054 1200 1148 1242; x_wconf 87' lang='lat' dir='ltr'><strong>sensa</strong></span> <span class='ocrx_word' id='word_1_69' title='bbox 1169 1181 1285 1242; x_wconf 92' lang='lat' dir='ltr'><strong>mentis</strong></span> <span class='ocrx_word' id='word_1_70' title='bbox 1307 1191 1338 1244; x_wconf 88' lang='grc'><strong>61</strong></span> 
     </span>
     <span class='ocr_line' id='line_1_9' title="bbox 269 1266 1337 1353; baseline 0.003 -24"><span class='ocrx_word' id='word_1_71' title='bbox 269 1266 405 1329; x_wconf 90' lang='lat' dir='ltr'><strong>consilia</strong></span> <span class='ocrx_word' id='word_1_72' title='bbox 425 1267 471 1328; x_wconf 91' lang='lat' dir='ltr'><strong>sic</strong></span> <span class='ocrx_word' id='word_1_73' title='bbox 485 1269 591 1329; x_wconf 90' lang='lat' dir='ltr'><strong>verbis</strong></span> <span class='ocrx_word' id='word_1_74' title='bbox 607 1268 755 1350; x_wconf 86' lang='lat' dir='ltr'><strong>explicat,</strong></span> <span class='ocrx_word' id='word_1_75' title='bbox 774 1277 809 1330; x_wconf 93' lang='lat' dir='ltr'><strong>ut</strong></span> <span class='ocrx_word' id='word_1_76' title='bbox 824 1289 890 1343; x_wconf 77' lang='lat' dir='ltr'><strong>ece,</strong></span> <span class='ocrx_word' id='word_1_77' title='bbox 908 1269 962 1352; x_wconf 90' lang='lat' dir='ltr'><strong>qui</strong></span> <span class='ocrx_word' id='word_1_78' title='bbox 978 1269 1118 1344; x_wconf 90' lang='lat' dir='ltr'><strong>audiant,</strong></span> <span class='ocrx_word' id='word_1_79' title='bbox 1136 1290 1337 1353; x_wconf 90' lang='lat' dir='ltr'><strong>quocumque</strong></span> 
     </span>
     <span class='ocr_line' id='line_1_10' title="bbox 271 1356 1337 1441; baseline 0.005 -25"><span class='ocrx_word' id='word_1_80' title='bbox 271 1356 461 1431; x_wconf 73' lang='lat' dir='ltr'><strong>incubuerit,</strong></span> <span class='ocrx_word' id='word_1_81' title='bbox 483 1357 587 1439; x_wconf 93' lang='lat' dir='ltr'><strong>possit</strong></span> <span class='ocrx_word' id='word_1_82' title='bbox 606 1356 791 1440; x_wconf 83' lang='lat' dir='ltr'><strong>impellere3</strong></span> <span class='ocrx_word' id='word_1_83' title='bbox 815 1379 896 1441; x_wconf 88' lang='lat' dir='ltr'><strong>quae</strong></span> <span class='ocrx_word' id='word_1_84' title='bbox 916 1379 979 1441; x_wconf 91' lang='lat' dir='ltr'><strong>quo</strong></span> <span class='ocrx_word' id='word_1_85' title='bbox 1002 1359 1104 1420; x_wconf 87' lang='lat' dir='ltr'><strong>maior</strong></span> <span class='ocrx_word' id='word_1_86' title='bbox 1125 1368 1174 1420; x_wconf 89' lang='lat' dir='ltr'><strong>est</strong></span> <span class='ocrx_word' id='word_1_87' title='bbox 1194 1360 1253 1439; x_wconf 87' lang='lat' dir='ltr'><strong>vis,</strong></span> <span class='ocrx_word' id='word_1_88' title='bbox 1278 1360 1337 1421; x_wconf 91' lang='lat' dir='ltr'><strong>hoc</strong></span> 
     </span>
     <span class='ocr_line' id='line_1_11' title="bbox 271 1445 1336 1531; baseline 0.001 -24"><span class='ocrx_word' id='word_1_89' title='bbox 271 1454 320 1507; x_wconf 89' lang='lat' dir='ltr'><strong>est</strong></span> <span class='ocrx_word' id='word_1_90' title='bbox 335 1445 439 1528; x_wconf 93' lang='lat' dir='ltr'><strong>magis</strong></span> <span class='ocrx_word' id='word_1_91' title='bbox 454 1446 612 1529; x_wconf 89' lang='lat' dir='ltr'><strong>probitate</strong></span> <span class='ocrx_word' id='word_1_92' title='bbox 627 1447 790 1529; x_wconf 88' lang='lat' dir='ltr'><strong>iungenda</strong></span> <span class='ocrx_word' id='word_1_93' title='bbox 805 1467 993 1529; x_wconf 88' lang='lat' dir='ltr'><strong>summaque</strong></span> <span class='ocrx_word' id='word_1_94' title='bbox 1003 1448 1189 1530; x_wconf 87' lang='lat' dir='ltr'><strong>prudentia;</strong></span> <span class='ocrx_word' id='word_1_95' title='bbox 1203 1469 1336 1531; x_wconf 90' lang='lat' dir='ltr'><strong>quarum</strong></span> 
     </span>
     <span class='ocr_line' id='line_1_12' title="bbox 270 1534 1336 1619; baseline 0.003 -24"><span class='ocrx_word' id='word_1_96' title='bbox 270 1534 423 1595; x_wconf 90' lang='lat' dir='ltr'><strong>virtutum</strong></span> <span class='ocrx_word' id='word_1_97' title='bbox 448 1535 632 1617; x_wconf 83' lang='lat' dir='ltr'><strong>expertibus</strong></span> <span class='ocrx_word' id='word_1_98' title='bbox 657 1535 684 1596; x_wconf 87' lang='lat' dir='ltr'><strong>si</strong></span> <span class='ocrx_word' id='word_1_99' title='bbox 708 1535 834 1597; x_wconf 88' lang='lat' dir='ltr'><strong>dicendi</strong></span> <span class='ocrx_word' id='word_1_100' title='bbox 860 1536 985 1619; x_wconf 92' lang='lat' dir='ltr'><strong>copiam</strong></span> <span class='ocrx_word' id='word_1_101' title='bbox 1011 1537 1247 1611; x_wconf 70' lang='lat' dir='ltr'><strong>tradiderimus</strong></span> <span class='ocrx_word' id='word_1_102' title='bbox 1274 1557 1336 1598; x_wconf 94' lang='lat' dir='ltr'><strong>non</strong></span> 
     </span>
     <span class='ocr_line' id='line_1_13' title="bbox 271 1622 1336 1709; baseline 0.002 -25"><span class='ocrx_word' id='word_1_103' title='bbox 271 1643 327 1684; x_wconf 91' lang='lat' dir='ltr'><strong>eos</strong></span> <span class='ocrx_word' id='word_1_104' title='bbox 347 1622 476 1705; x_wconf 89' lang='lat' dir='ltr'><strong>quidem</strong></span> <span class='ocrx_word' id='word_1_105' title='bbox 497 1633 642 1685; x_wconf 88' lang='lat' dir='ltr'><strong>oratores</strong></span> <span class='ocrx_word' id='word_1_106' title='bbox 662 1624 873 1696; x_wconf 75' lang='lat' dir='ltr'><strong>effecerimus,</strong></span> <span class='ocrx_word' id='word_1_107' title='bbox 898 1625 955 1686; x_wconf 88' lang='lat' dir='ltr'><strong>sed</strong></span> <span class='ocrx_word' id='word_1_108' title='bbox 978 1624 1157 1687; x_wconf 89' lang='lat' dir='ltr'><strong>furentibus</strong></span> <span class='ocrx_word' id='word_1_109' title='bbox 1181 1625 1336 1709; x_wconf 86' lang='lat' dir='ltr'><strong>quaedam</strong></span> 
     </span>
     <span class='ocr_line' id='line_1_14' title="bbox 271 1710 902 1788; baseline 0.005 -16"><span class='ocrx_word' id='word_1_110' title='bbox 271 1732 360 1772; x_wconf 88' lang='lat' dir='ltr'><strong>arma</strong></span> <span class='ocrx_word' id='word_1_111' title='bbox 376 1710 569 1773; x_wconf 88' lang='lat' dir='ltr'><strong>dederimus.</strong></span> <span class='ocrx_word' id='word_1_112' title='bbox 587 1712 635 1773; x_wconf 88' lang='lat' dir='ltr'><strong>De</strong></span> <span class='ocrx_word' id='word_1_113' title='bbox 651 1713 721 1785; x_wconf 94' lang='lat' dir='ltr'><strong>Or.,</strong></span> <span class='ocrx_word' id='word_1_114' title='bbox 739 1719 768 1788; x_wconf 89' lang='lat'><strong>3,</strong></span> <span class='ocrx_word' id='word_1_115' title='bbox 788 1718 835 1787; x_wconf 84' lang='lat'><strong>14,</strong></span> <span class='ocrx_word' id='word_1_116' title='bbox 853 1719 902 1775; x_wconf 92' lang='lat'><strong>55.</strong></span> 
     </span>
    </p>

    <p class='ocr_par' dir='ltr' id='par_1_4' title="bbox 270 1799 1338 2329">
     <span class='ocr_line' id='line_1_15' title="bbox 312 1799 1338 1885; baseline 0.002 -23"><span class='ocrx_word' id='word_1_117' title='bbox 312 1799 437 1862; x_wconf 84' lang='lat' dir='ltr'><strong>Stoicos</strong></span> <span class='ocrx_word' id='word_1_118' title='bbox 452 1811 558 1862; x_wconf 87' lang='lat' dir='ltr'><strong>autem</strong></span> <span class='ocrx_word' id='word_1_119' title='bbox 574 1822 655 1884; x_wconf 91' lang='lat' dir='ltr'><strong>quos</strong></span> <span class='ocrx_word' id='word_1_120' title='bbox 671 1802 802 1863; x_wconf 88' lang='lat' dir='ltr'><strong>minime</strong></span> <span class='ocrx_word' id='word_1_121' title='bbox 818 1803 976 1885; x_wconf 82' lang='lat' dir='ltr'><strong>improbe,</strong></span> <span class='ocrx_word' id='word_1_122' title='bbox 994 1803 1120 1865; x_wconf 89' lang='lat' dir='ltr'><strong>dimitto</strong></span> <span class='ocrx_word' id='word_1_123' title='bbox 1136 1812 1242 1865; x_wconf 89' lang='lat' dir='ltr'><strong>tamen</strong></span> <span class='ocrx_word' id='word_1_124' title='bbox 1257 1826 1263 1878; x_wconf 81' lang='lat'>3</span> <span class='ocrx_word' id='word_1_125' title='bbox 1281 1823 1338 1864; x_wconf 85' lang='lat' dir='ltr'><strong>nec</strong></span> 
     </span>
     <span class='ocr_line' id='line_1_16' title="bbox 271 1890 1338 1975; baseline 0.004 -25"><span class='ocrx_word' id='word_1_126' title='bbox 271 1909 326 1951; x_wconf 87' lang='lat' dir='ltr'><strong>eos</strong></span> <span class='ocrx_word' id='word_1_127' title='bbox 349 1890 448 1951; x_wconf 88' lang='lat' dir='ltr'><strong>iratos</strong></span> <span class='ocrx_word' id='word_1_128' title='bbox 469 1910 592 1964; x_wconf 86' lang='lat' dir='ltr'><strong>vereor,</strong></span> <span class='ocrx_word' id='word_1_129' title='bbox 617 1891 767 1973; x_wconf 88' lang='lat' dir='ltr'><strong>quoniam</strong></span> <span class='ocrx_word' id='word_1_130' title='bbox 790 1892 920 1953; x_wconf 93' lang='lat' dir='ltr'><strong>omnino</strong></span> <span class='ocrx_word' id='word_1_131' title='bbox 943 1892 1038 1953; x_wconf 87' lang='lat' dir='ltr'><strong>irasci</strong></span> <span class='ocrx_word' id='word_1_132' title='bbox 1057 1893 1221 1966; x_wconf 81' lang='lat' dir='ltr'><strong>nesciunt3</strong></span> <span class='ocrx_word' id='word_1_133' title='bbox 1244 1901 1338 1975; x_wconf 86' lang='lat' dir='ltr'><strong>atque</strong></span> 
     </span>
     <span class='ocr_line' id='line_1_17' title="bbox 272 1978 1337 2063; baseline 0.003 -24"><span class='ocrx_word' id='word_1_134' title='bbox 272 1980 358 2039; x_wconf 78' lang='lat' dir='ltr'><strong>hanc</strong></span> <span class='ocrx_word' id='word_1_135' title='bbox 372 1981 412 2038; x_wconf 81' lang='lat' dir='ltr'><strong>iis</strong></span> <span class='ocrx_word' id='word_1_136' title='bbox 427 1978 530 2040; x_wconf 75' lang='lat' dir='ltr'><strong>liabeo</strong></span> <span class='ocrx_word' id='word_1_137' title='bbox 543 1983 701 2060; x_wconf 84' lang='lat' dir='ltr'><strong>gretiam,</strong></span> <span class='ocrx_word' id='word_1_138' title='bbox 720 1979 809 2062; x_wconf 82' lang='lat' dir='ltr'><strong>quod</strong></span> <span class='ocrx_word' id='word_1_139' title='bbox 821 1980 886 2041; x_wconf 79' lang='lat' dir='ltr'><strong>soli</strong></span> <span class='ocrx_word' id='word_1_140' title='bbox 898 2002 940 2040; x_wconf 77' lang='lat' dir='ltr'><strong>ex</strong></span> <span class='ocrx_word' id='word_1_141' title='bbox 955 1982 1104 2042; x_wconf 81' lang='lat' dir='ltr'><strong>omnibus</strong></span> <span class='ocrx_word' id='word_1_142' title='bbox 1119 1982 1337 2063; x_wconf 82' lang='lat' dir='ltr'><strong>eloquentiam</strong></span> 
     </span>
     <span class='ocr_line' id='line_1_18' title="bbox 272 2069 1338 2153; baseline -0.001 -22"><span class='ocrx_word' id='word_1_143' title='bbox 272 2069 420 2131; x_wconf 70' lang='lat' dir='ltr'><strong>virtutem</strong></span> <span class='ocrx_word' id='word_1_144' title='bbox 437 2089 477 2127; x_wconf 85' lang='lat' dir='ltr'><strong>ac</strong></span> <span class='ocrx_word' id='word_1_145' title='bbox 491 2069 689 2149; x_wconf 83' lang='lat' dir='ltr'><strong>sapientiem</strong></span> <span class='ocrx_word' id='word_1_146' title='bbox 705 2091 775 2129; x_wconf 84' lang='lat' dir='ltr'><strong>esse</strong></span> <span class='ocrx_word' id='word_1_147' title='bbox 790 2070 957 2130; x_wconf 74' lang='lat' dir='ltr'><strong>dicerunt.</strong></span> <span class='ocrx_word' id='word_1_148' title='bbox 977 2070 1040 2131; x_wconf 92' lang='lat' dir='ltr'><strong>Sed</strong></span> <span class='ocrx_word' id='word_1_149' title='bbox 1056 2080 1228 2153; x_wconf 89' lang='lat' dir='ltr'><strong>utrumque</strong></span> <span class='ocrx_word' id='word_1_150' title='bbox 1243 2070 1338 2132; x_wconf 88' lang='lat' dir='ltr'><strong>estin</strong></span> 
     </span>
     <span class='ocr_line' id='line_1_19' title="bbox 271 2156 1336 2239; baseline 0.004 -23"><span class='ocrx_word' id='word_1_151' title='bbox 271 2156 333 2230; x_wconf 90' lang='lat' dir='ltr'><strong>his,</strong></span> <span class='ocrx_word' id='word_1_152' title='bbox 351 2156 435 2238; x_wconf 92' lang='lat' dir='ltr'><strong>quod</strong></span> <span class='ocrx_word' id='word_1_153' title='bbox 452 2156 491 2217; x_wconf 87' lang='lat' dir='ltr'><strong>ab</strong></span> <span class='ocrx_word' id='word_1_154' title='bbox 507 2156 567 2217; x_wconf 94' lang='lat' dir='ltr'><strong>hoc</strong></span> <span class='ocrx_word' id='word_1_155' title='bbox 583 2178 677 2239; x_wconf 90' lang='lat' dir='ltr'><strong>quem</strong></span> <span class='ocrx_word' id='word_1_156' title='bbox 694 2157 883 2219; x_wconf 89' lang='lat' dir='ltr'><strong>instruimus</strong></span> <span class='ocrx_word' id='word_1_157' title='bbox 898 2168 1035 2234; x_wconf 88' lang='lat' dir='ltr'><strong>oratore,</strong></span> <span class='ocrx_word' id='word_1_158' title='bbox 1048 2159 1140 2220; x_wconf 89' lang='lat' dir='ltr'><strong>valde</strong></span> <span class='ocrx_word' id='word_1_159' title='bbox 1151 2159 1336 2221; x_wconf 88' lang='lat' dir='ltr'><strong>abhorreat:</strong></span> 
     </span>
     <span class='ocr_line' id='line_1_20' title="bbox 270 2244 1336 2329; baseline 0.004 -24"><span class='ocrx_word' id='word_1_160' title='bbox 270 2245 320 2306; x_wconf 87' lang='lat' dir='ltr'><strong>vel</strong></span> <span class='ocrx_word' id='word_1_161' title='bbox 343 2244 428 2327; x_wconf 92' lang='lat' dir='ltr'><strong>quod</strong></span> <span class='ocrx_word' id='word_1_162' title='bbox 450 2264 571 2319; x_wconf 77' lang='lat' dir='ltr'><strong>omneS,</strong></span> <span class='ocrx_word' id='word_1_163' title='bbox 598 2246 652 2328; x_wconf 92' lang='lat' dir='ltr'><strong>qui</strong></span> <span class='ocrx_word' id='word_1_164' title='bbox 675 2247 837 2329; x_wconf 87' lang='lat' dir='ltr'><strong>sapientes</strong></span> <span class='ocrx_word' id='word_1_165' title='bbox 859 2267 923 2308; x_wconf 92' lang='lat' dir='ltr'><strong>non</strong></span> <span class='ocrx_word' id='word_1_166' title='bbox 946 2248 1019 2321; x_wconf 89' lang='lat' dir='ltr'><strong>sint,</strong></span> <span class='ocrx_word' id='word_1_167' title='bbox 1043 2268 1162 2322; x_wconf 89' lang='lat' dir='ltr'><strong>servos,</strong></span> <span class='ocrx_word' id='word_1_168' title='bbox 1185 2248 1336 2321; x_wconf 69' lang='lat' dir='ltr'><strong>latrones</strong></span> 
     </span>
    </p>
   </div>
   <div class='ocr_carea' id='block_1_3' title="bbox 271 2333 1338 2505">
    <p class='ocr_par' dir='ltr' id='par_1_5' title="bbox 271 2333 1338 2505">
     <span class='ocr_line' id='line_1_21' title="bbox 271 2333 1338 2420; baseline 0.004 -26"><span class='ocrx_word' id='word_1_169' title='bbox 271 2334 380 2394; x_wconf 90' lang='lat' dir='ltr'><strong>hostes</strong></span> <span class='ocrx_word' id='word_1_170' title='bbox 395 2333 590 2416; x_wconf 89' lang='lat' dir='ltr'><strong>insanosque</strong></span> <span class='ocrx_word' id='word_1_171' title='bbox 605 2354 676 2396; x_wconf 88' lang='lat' dir='ltr'><strong>esse</strong></span> <span class='ocrx_word' id='word_1_172' title='bbox 692 2335 812 2410; x_wconf 84' lang='lat' dir='ltr'><strong>dicunt,</strong></span> <span class='ocrx_word' id='word_1_173' title='bbox 830 2356 933 2418; x_wconf 87' lang='lat' dir='ltr'><strong>neque</strong></span> <span class='ocrx_word' id='word_1_174' title='bbox 944 2345 1052 2398; x_wconf 88' lang='lat' dir='ltr'><strong>tamen</strong></span> <span class='ocrx_word' id='word_1_175' title='bbox 1062 2357 1257 2420; x_wconf 89' lang='lat' dir='ltr'><strong>quemquam</strong></span> <span class='ocrx_word' id='word_1_176' title='bbox 1269 2357 1338 2398; x_wconf 86' lang='lat' dir='ltr'><strong>esse</strong></span> 
     </span>
     <span class='ocr_line' id='line_1_22' title="bbox 271 2422 792 2505; baseline 0.006 -22"><span class='ocrx_word' id='word_1_177' title='bbox 271 2422 461 2505; x_wconf 87' lang='lat' dir='ltr'><strong>sapientem.</strong></span> <span class='ocrx_word' id='word_1_178' title='bbox 478 2422 527 2484; x_wconf 88' lang='lat' dir='ltr'><strong>De</strong></span> <span class='ocrx_word' id='word_1_179' title='bbox 543 2423 612 2498; x_wconf 75' lang='lat' dir='ltr'><strong>On,</strong></span> <span class='ocrx_word' id='word_1_180' title='bbox 630 2429 659 2499; x_wconf 87' lang='grc'><strong>3,</strong></span> <span class='ocrx_word' id='word_1_181' title='bbox 679 2429 726 2499; x_wconf 91' lang='grc'><strong>18,</strong></span> <span class='ocrx_word' id='word_1_182' title='bbox 743 2430 792 2486; x_wconf 86' lang='lat'><strong>65.</strong></span> 
     </span>
    </p>
   </div>
   <div class='ocr_carea' id='block_1_4' title="bbox 271 2564 1339 3784">
    <p class='ocr_par' dir='ltr' id='par_1_6' title="bbox 271 2564 1339 3470">
     <span class='ocr_line' id='line_1_23' title="bbox 317 2564 1338 2658; baseline 0.001 -24"><span class='ocrx_word' id='word_1_183' title='bbox 317 2567 403 2634; x_wconf 89' lang='lat' dir='ltr'><strong>Cum</strong></span> <span class='ocrx_word' id='word_1_184' title='bbox 419 2565 460 2631; x_wconf 90' lang='lat' dir='ltr'><strong>de</strong></span> <span class='ocrx_word' id='word_1_185' title='bbox 475 2564 518 2632; x_wconf 89' lang='lat' dir='ltr'><strong>iis</strong></span> <span class='ocrx_word' id='word_1_186' title='bbox 537 2590 623 2656; x_wconf 89' lang='lat' dir='ltr'><strong>quae</strong></span> <span class='ocrx_word' id='word_1_187' title='bbox 645 2565 687 2633; x_wconf 89' lang='lat' dir='ltr'><strong>ad</strong></span> <span class='ocrx_word' id='word_1_188' title='bbox 707 2590 820 2635; x_wconf 88' lang='lat' dir='ltr'><strong>mores</strong></span> <span class='ocrx_word' id='word_1_189' title='bbox 839 2567 1049 2658; x_wconf 85' lang='lat' dir='ltr'><strong>pertinerent</strong></span> <span class='ocrx_word' id='word_1_190' title='bbox 1069 2568 1214 2636; x_wconf 89' lang='lat' dir='ltr'><strong>maxime</strong></span> <span class='ocrx_word' id='word_1_191' title='bbox 1236 2569 1338 2637; x_wconf 84' lang='lat' dir='ltr'><strong>Stoici</strong></span> 
     </span>
     <span class='ocr_line' id='line_1_24' title="bbox 272 2681 1335 2775; baseline 0.002 -27"><span class='ocrx_word' id='word_1_192' title='bbox 272 2692 443 2765; x_wconf 88' lang='lat' dir='ltr'><strong>curarent,</strong></span> <span class='ocrx_word' id='word_1_193' title='bbox 479 2682 560 2773; x_wconf 92' lang='lat' dir='ltr'><strong>quid</strong></span> <span class='ocrx_word' id='word_1_194' title='bbox 593 2681 729 2750; x_wconf 89' lang='lat' dir='ltr'><strong>deceret</strong></span> <span class='ocrx_word' id='word_1_195' title='bbox 767 2683 1029 2774; x_wconf 84' lang='lat' dir='ltr'><strong>diligentissime</strong></span> <span class='ocrx_word' id='word_1_196' title='bbox 1068 2684 1335 2775; x_wconf 90' lang='lat' dir='ltr'><strong>exquisiverant.</strong></span> 
     </span>
     <span class='ocr_line' id='line_1_25' title="bbox 271 2797 1336 2889; baseline 0.005 -26"><span class='ocrx_word' id='word_1_197' title='bbox 271 2797 440 2885; x_wconf 89' lang='lat' dir='ltr'><strong>Quoniam</strong></span> <span class='ocrx_word' id='word_1_198' title='bbox 454 2822 536 2866; x_wconf 90' lang='lat' dir='ltr'><strong>vero</strong></span> <span class='ocrx_word' id='word_1_199' title='bbox 551 2798 678 2866; x_wconf 92' lang='lat' dir='ltr'><strong>oratori</strong></span> <span class='ocrx_word' id='word_1_200' title='bbox 693 2799 774 2889; x_wconf 92' lang='lat' dir='ltr'><strong>quid</strong></span> <span class='ocrx_word' id='word_1_201' title='bbox 785 2800 904 2867; x_wconf 87' lang='lat' dir='ltr'><strong>deceat</strong></span> <span class='ocrx_word' id='word_1_202' title='bbox 917 2800 1060 2867; x_wconf 84' lang='lat' dir='ltr'><strong>maxime</strong></span> <span class='ocrx_word' id='word_1_203' title='bbox 1073 2799 1259 2867; x_wconf 85' lang='lat' dir='ltr'><strong>videndum</strong></span> <span class='ocrx_word' id='word_1_204' title='bbox 1272 2810 1336 2881; x_wconf 92' lang='lat' dir='ltr'><strong>est,</strong></span> 
     </span>
     <span class='ocr_line' id='line_1_26' title="bbox 272 2914 1339 3006; baseline 0.005 -27"><span class='ocrx_word' id='word_1_205' title='bbox 272 2936 338 2981; x_wconf 93' lang='lat' dir='ltr'><strong>non</strong></span> <span class='ocrx_word' id='word_1_206' title='bbox 358 2914 479 2981; x_wconf 92' lang='lat' dir='ltr'><strong>mirum</strong></span> <span class='ocrx_word' id='word_1_207' title='bbox 499 2925 552 2981; x_wconf 90' lang='lat' dir='ltr'><strong>est</strong></span> <span class='ocrx_word' id='word_1_208' title='bbox 566 2914 765 2983; x_wconf 90' lang='lat' dir='ltr'><strong>Ciceronem</strong></span> <span class='ocrx_word' id='word_1_209' title='bbox 781 2916 896 3006; x_wconf 90' lang='lat' dir='ltr'><strong>aliqua</strong></span> <span class='ocrx_word' id='word_1_210' title='bbox 912 2940 931 2983; x_wconf 88' lang='lat' dir='ltr'><strong>a</strong></span> <span class='ocrx_word' id='word_1_211' title='bbox 947 2916 1071 2984; x_wconf 91' lang='lat' dir='ltr'><strong>Stoicis</strong></span> <span class='ocrx_word' id='word_1_212' title='bbox 1086 2916 1120 2982; x_wconf 95' lang='lat' dir='ltr'><strong>in</strong></span> <span class='ocrx_word' id='word_1_213' title='bbox 1136 2940 1177 2983; x_wconf 85' lang='lat' dir='ltr'><strong>ea</strong></span> <span class='ocrx_word' id='word_1_214' title='bbox 1192 2940 1227 2983; x_wconf 91' lang='lat' dir='ltr'><strong>re</strong></span> <span class='ocrx_word' id='word_1_215' title='bbox 1244 2940 1339 2984; x_wconf 88' lang='lat' dir='ltr'><strong>acce·</strong></span> 
     </span>
     <span class='ocr_line' id='line_1_27' title="bbox 271 3029 1338 3124; baseline 0.004 -28"><span class='ocrx_word' id='word_1_216' title='bbox 271 3029 364 3120; x_wconf 90' lang='lat' dir='ltr'><strong>pisse</strong></span> <span class='ocrx_word' id='word_1_217' title='bbox 382 3032 403 3097; x_wconf 82' lang='lat'><strong>¹.</strong></span> <span class='ocrx_word' id='word_1_218' title='bbox 422 3034 610 3121; x_wconf 85' lang='lat' dir='ltr'><strong>Praecepta</strong></span> <span class='ocrx_word' id='word_1_219' title='bbox 625 3032 667 3098; x_wconf 92' lang='grc'><strong>(16</strong></span> <span class='ocrx_word' id='word_1_220' title='bbox 687 3055 727 3099; x_wconf 91' lang='lat' dir='ltr'><strong>eo</strong></span> <span class='ocrx_word' id='word_1_221' title='bbox 747 3032 838 3123; x_wconf 92' lang='lat' dir='ltr'><strong>quod</strong></span> <span class='ocrx_word' id='word_1_222' title='bbox 859 3032 984 3101; x_wconf 86' lang='lat' dir='ltr'><strong>Graeci</strong></span> <span class='ocrx_word' id='word_1_223' title='bbox 1002 3034 1120 3124; x_wconf 81' lang='grc' dir='ltr'>πρέπον,</span> <span class='ocrx_word' id='word_1_224' title='bbox 1142 3032 1215 3122; x_wconf 89' lang='lat' dir='ltr'><strong>ipse</strong></span> <span class='ocrx_word' id='word_1_225' title='bbox 1237 3035 1338 3100; x_wconf 89' lang='lat' dir='ltr'><strong>deco·</strong></span> 
     </span>
     <span class='ocr_line' id='line_1_28' title="bbox 272 3147 1338 3239; baseline 0.002 -27"><span class='ocrx_word' id='word_1_226' title='bbox 272 3169 351 3213; x_wconf 79' lang='lat' dir='ltr'><strong>rum</strong></span> <span class='ocrx_word' id='word_1_227' title='bbox 379 3147 538 3229; x_wconf 88' lang='lat' dir='ltr'><strong>vocabat,</strong></span> <span class='ocrx_word' id='word_1_228' title='bbox 567 3171 634 3214; x_wconf 92' lang='lat' dir='ltr'><strong>non</strong></span> <span class='ocrx_word' id='word_1_229' title='bbox 663 3147 762 3215; x_wconf 92' lang='lat' dir='ltr'><strong>modo</strong></span> <span class='ocrx_word' id='word_1_230' title='bbox 790 3148 825 3214; x_wconf 94' lang='lat' dir='ltr'><strong>in</strong></span> <span class='ocrx_word' id='word_1_231' title='bbox 853 3148 950 3215; x_wconf 89' lang='lat' dir='ltr'><strong>libris</strong></span> <span class='ocrx_word' id='word_1_232' title='bbox 979 3147 1020 3215; x_wconf 91' lang='lat' dir='ltr'><strong>de</strong></span> <span class='ocrx_word' id='word_1_233' title='bbox 1051 3147 1214 3216; x_wconf 74' lang='lat' dir='ltr'><strong>Officiis2</strong></span> <span class='ocrx_word' id='word_1_234' title='bbox 1243 3151 1338 3239; x_wconf 91' lang='lat' dir='ltr'><strong>(quos</strong></span> 
     </span>
     <span class='ocr_line' id='line_1_29' title="bbox 273 3261 1336 3354; baseline 0.003 -26"><span class='ocrx_word' id='word_1_235' title='bbox 273 3261 462 3329; x_wconf 88' lang='lat' dir='ltr'><strong>Stoicorum</strong></span> <span class='ocrx_word' id='word_1_236' title='bbox 481 3262 616 3352; x_wconf 87' lang='lat' dir='ltr'><strong>placitis</strong></span> <span class='ocrx_word' id='word_1_237' title='bbox 637 3265 781 3331; x_wconf 80' lang='lat' dir='ltr'><strong>refertos</strong></span> <span class='ocrx_word' id='word_1_238' title='bbox 807 3288 884 3331; x_wconf 89' lang='lat' dir='ltr'><strong>esse</strong></span> <span class='ocrx_word' id='word_1_239' title='bbox 907 3263 997 3354; x_wconf 88' lang='lat' dir='ltr'><strong>apud</strong></span> <span class='ocrx_word' id='word_1_240' title='bbox 1013 3287 1131 3330; x_wconf 91' lang='lat' dir='ltr'><strong>omnes</strong></span> <span class='ocrx_word' id='word_1_241' title='bbox 1151 3273 1287 3331; x_wconf 90' lang='lat' dir='ltr'><strong>constat</strong></span> <span class='ocrx_word' id='word_1_242' title='bbox 1300 3266 1336 3350; x_wconf 82' lang='lat'><strong>³),</strong></span> 
     </span>
     <span class='ocr_line' id='line_1_30' title="bbox 272 3377 1002 3470; baseline 0.003 -27"><span class='ocrx_word' id='word_1_243' title='bbox 272 3377 332 3443; x_wconf 90' lang='lat' dir='ltr'><strong>sed</strong></span> <span class='ocrx_word' id='word_1_244' title='bbox 348 3377 451 3444; x_wconf 90' lang='lat' dir='ltr'><strong>etiam</strong></span> <span class='ocrx_word' id='word_1_245' title='bbox 469 3378 504 3444; x_wconf 93' lang='lat' dir='ltr'><strong>in</strong></span> <span class='ocrx_word' id='word_1_246' title='bbox 519 3379 678 3446; x_wconf 87' lang='lat' dir='ltr'><strong>oratoriis</strong></span> <span class='ocrx_word' id='word_1_247' title='bbox 694 3379 791 3447; x_wconf 93' lang='lat' dir='ltr'><strong>libris</strong></span> <span class='ocrx_word' id='word_1_248' title='bbox 808 3379 1002 3470; x_wconf 84' lang='lat' dir='ltr'><strong>explicavit.</strong></span> 
     </span>
    </p>

    <p class='ocr_par' dir='ltr' id='par_1_7' title="bbox 272 3520 1339 3784">
     <span class='ocr_line' id='line_1_31' title="bbox 311 3520 1338 3605; baseline 0.001 -24"><span class='ocrx_word' id='word_1_249' title='bbox 311 3520 354 3582; x_wconf 91' lang='lat' dir='ltr'><strong>Ut</strong></span> <span class='ocrx_word' id='word_1_250' title='bbox 369 3521 453 3582; x_wconf 88' lang='lat' dir='ltr'><strong>enim</strong></span> <span class='ocrx_word' id='word_1_251' title='bbox 470 3521 501 3582; x_wconf 94' lang='lat' dir='ltr'><strong>in</strong></span> <span class='ocrx_word' id='word_1_252' title='bbox 516 3523 591 3597; x_wconf 88' lang='lat' dir='ltr'><strong>vita,</strong></span> <span class='ocrx_word' id='word_1_253' title='bbox 610 3523 655 3584; x_wconf 90' lang='lat' dir='ltr'><strong>sic</strong></span> <span class='ocrx_word' id='word_1_254' title='bbox 671 3523 703 3584; x_wconf 94' lang='lat' dir='ltr'><strong>in</strong></span> <span class='ocrx_word' id='word_1_255' title='bbox 719 3524 873 3596; x_wconf 87' lang='lat' dir='ltr'><strong>oratione,</strong></span> <span class='ocrx_word' id='word_1_256' title='bbox 896 3523 974 3583; x_wconf 90' lang='lat' dir='ltr'><strong>nihil</strong></span> <span class='ocrx_word' id='word_1_257' title='bbox 996 3532 1045 3584; x_wconf 88' lang='lat' dir='ltr'><strong>est</strong></span> <span class='ocrx_word' id='word_1_258' title='bbox 1064 3522 1225 3583; x_wconf 85' lang='lat' dir='ltr'><strong>difficilius</strong></span> <span class='ocrx_word' id='word_1_259' title='bbox 1244 3543 1338 3605; x_wconf 87' lang='lat' dir='ltr'><strong>quam</strong></span> 
     </span>
     <span class='ocr_line' id='line_1_32' title="bbox 272 3609 1338 3696; baseline 0.001 -25"><span class='ocrx_word' id='word_1_260' title='bbox 272 3609 347 3692; x_wconf 90' lang='lat' dir='ltr'><strong>quid</strong></span> <span class='ocrx_word' id='word_1_261' title='bbox 363 3611 475 3672; x_wconf 88' lang='lat' dir='ltr'><strong>deceat</strong></span> <span class='ocrx_word' id='word_1_262' title='bbox 488 3611 608 3673; x_wconf 87' lang='lat' dir='ltr'><strong>videre.</strong></span> <span class='ocrx_word' id='word_1_263' title='bbox 623 3620 729 3696; x_wconf 77' lang='grc' dir='ltr'>Πρέπον</span> <span class='ocrx_word' id='word_1_264' title='bbox 740 3611 905 3695; x_wconf 91' lang='lat' dir='ltr'><strong>appellant</strong></span> <span class='ocrx_word' id='word_1_265' title='bbox 915 3612 975 3673; x_wconf 94' lang='lat' dir='ltr'><strong>hoc</strong></span> <span class='ocrx_word' id='word_1_266' title='bbox 986 3612 1113 3686; x_wconf 86' lang='lat' dir='ltr'><strong>Graeci,</strong></span> <span class='ocrx_word' id='word_1_267' title='bbox 1126 3631 1185 3672; x_wconf 92' lang='lat' dir='ltr'><strong>nos</strong></span> <span class='ocrx_word' id='word_1_268' title='bbox 1196 3610 1338 3673; x_wconf 91' lang='lat' dir='ltr'><strong>dicamus</strong></span> 
     </span>
     <span class='ocr_line' id='line_1_33' title="bbox 272 3700 1339 3784; baseline 0.001 -23"><span class='ocrx_word' id='word_1_269' title='bbox 272 3719 348 3761; x_wconf 87' lang='lat' dir='ltr'><strong>sane</strong></span> <span class='ocrx_word' id='word_1_270' title='bbox 365 3700 541 3776; x_wconf 61' lang='lat' dir='ltr'><strong>decorum</strong></span> <span class='ocrx_word' id='word_1_271' title='bbox 557 3700 595 3762; x_wconf 92' lang='grc'>(16</span> <span class='ocrx_word' id='word_1_272' title='bbox 611 3722 673 3784; x_wconf 92' lang='lat' dir='ltr'><strong>quo</strong></span> <span class='ocrx_word' id='word_1_273' title='bbox 689 3702 853 3783; x_wconf 85' lang='lat' dir='ltr'><strong>praeclare</strong></span> <span class='ocrx_word' id='word_1_274' title='bbox 874 3711 906 3762; x_wconf 92' lang='lat' dir='ltr'><strong>et</strong></span> <span class='ocrx_word' id='word_1_275' title='bbox 925 3701 1025 3762; x_wconf 87' lang='lat' dir='ltr'><strong>multa</strong></span> <span class='ocrx_word' id='word_1_276' title='bbox 1048 3701 1290 3784; x_wconf 88' lang='lat' dir='ltr'><strong>praecipiuntur</strong></span> <span class='ocrx_word' id='word_1_277' title='bbox 1309 3709 1339 3761; x_wconf 93' lang='lat' dir='ltr'><strong>et</strong></span> 
     </span>
    </p>
   </div>
   <div class='ocr_carea' id='block_1_5' title="bbox 272 3788 1338 3873">
    <p class='ocr_par' dir='ltr' id='par_1_8' title="bbox 272 3788 1338 3873">
     <span class='ocr_line' id='line_1_34' title="bbox 272 3788 1338 3873; baseline 0.002 -25"><span class='ocrx_word' id='word_1_278' title='bbox 272 3807 322 3849; x_wconf 90' lang='lat' dir='ltr'><strong>res</strong></span> <span class='ocrx_word' id='word_1_279' title='bbox 343 3797 392 3849; x_wconf 91' lang='lat' dir='ltr'><strong>est</strong></span> <span class='ocrx_word' id='word_1_280' title='bbox 411 3789 595 3872; x_wconf 84' lang='lat' dir='ltr'><strong>cognitione</strong></span> <span class='ocrx_word' id='word_1_281' title='bbox 610 3790 819 3873; x_wconf 91' lang='lat' dir='ltr'><strong>dignissima;</strong></span> <span class='ocrx_word' id='word_1_282' title='bbox 838 3790 932 3851; x_wconf 91' lang='lat' dir='ltr'><strong>huius</strong></span> <span class='ocrx_word' id='word_1_283' title='bbox 949 3790 1150 3873; x_wconf 87' lang='lat' dir='ltr'><strong>ignoratione</strong></span> <span class='ocrx_word' id='word_1_284' title='bbox 1165 3809 1229 3850; x_wconf 92' lang='lat' dir='ltr'><strong>non</strong></span> <span class='ocrx_word' id='word_1_285' title='bbox 1245 3788 1338 3850; x_wconf 93' lang='lat' dir='ltr'><strong>modo</strong></span> 
     </span>
    </p>
   </div>
   <div class='ocr_carea' id='block_1_6' title="bbox 272 3877 1338 4041">
    <p class='ocr_par' dir='ltr' id='par_1_9' title="bbox 272 3877 1338 4041">
     <span class='ocr_line' id='line_1_35' title="bbox 272 3877 1338 3961; baseline 0.001 -23"><span class='ocrx_word' id='word_1_286' title='bbox 272 3877 303 3938; x_wconf 93' lang='lat' dir='ltr'><strong>in</strong></span> <span class='ocrx_word' id='word_1_287' title='bbox 325 3877 390 3938; x_wconf 87' lang='lat' dir='ltr'><strong>vita</strong></span> <span class='ocrx_word' id='word_1_288' title='bbox 412 3877 468 3939; x_wconf 90' lang='lat' dir='ltr'><strong>sed</strong></span> <span class='ocrx_word' id='word_1_289' title='bbox 490 3879 679 3961; x_wconf 87' lang='lat' dir='ltr'><strong>saepissime</strong></span> <span class='ocrx_word' id='word_1_290' title='bbox 703 3879 787 3940; x_wconf 91' lang='lat' dir='ltr'><strong>etin</strong></span> <span class='ocrx_word' id='word_1_291' title='bbox 809 3879 967 3961; x_wconf 90' lang='lat' dir='ltr'><strong>poematis</strong></span> <span class='ocrx_word' id='word_1_292' title='bbox 990 3887 1021 3940; x_wconf 91' lang='lat' dir='ltr'><strong>et</strong></span> <span class='ocrx_word' id='word_1_293' title='bbox 1043 3879 1074 3938; x_wconf 94' lang='lat' dir='ltr'><strong>in</strong></span> <span class='ocrx_word' id='word_1_294' title='bbox 1097 3878 1239 3940; x_wconf 90' lang='lat' dir='ltr'><strong>oratione</strong></span> <span class='ocrx_word' id='word_1_295' title='bbox 1264 3898 1338 3961; x_wconf 91' lang='lat' dir='ltr'><strong>pec-</strong></span> 
     </span>
     <span class='ocr_line' id='line_1_36' title="bbox 272 3966 593 4041; baseline 0.006 -14"><span class='ocrx_word' id='word_1_296' title='bbox 272 3976 371 4028; x_wconf 89' lang='lat' dir='ltr'><strong>catur.</strong></span> <span class='ocrx_word' id='word_1_297' title='bbox 390 3966 459 4040; x_wconf 79' lang='lat' dir='ltr'><strong>Or,</strong></span> <span class='ocrx_word' id='word_1_298' title='bbox 478 3971 526 4041; x_wconf 89' lang='lat'><strong>21,</strong></span> <span class='ocrx_word' id='word_1_299' title='bbox 545 3973 593 4029; x_wconf 89' lang='lat'><strong>70.</strong></span> 
     </span>
    </p>
   </div>
   <div class='ocr_carea' id='block_1_7' title="bbox 270 4127 1336 4440">
    <p class='ocr_par' dir='ltr' id='par_1_10' title="bbox 306 4127 1089 4199">
     <span class='ocr_line' id='line_1_37' title="bbox 306 4127 1089 4199; baseline 0.003 -21"><span class='ocrx_word' id='word_1_300' title='bbox 306 4129 332 4178; x_wconf 89' lang='lat'><strong>1.</strong></span> <span class='ocrx_word' id='word_1_301' title='bbox 354 4127 398 4179; x_wconf 87' lang='lat' dir='ltr'><strong>Cf.</strong></span> <span class='ocrx_word' id='word_1_302' title='bbox 416 4128 450 4178; x_wconf 93' lang='lat' dir='ltr'><strong>G.</strong></span> <span class='ocrx_word' id='word_1_303' title='bbox 467 4127 595 4188; x_wconf 83' lang='lat' dir='ltr'><strong>Ammon,</strong></span> <span class='ocrx_word' id='word_1_304' title='bbox 613 4130 653 4181; x_wconf 87' lang='lat' dir='ltr'><strong>De</strong></span> <span class='ocrx_word' id='word_1_305' title='bbox 668 4128 827 4199; x_wconf 73' lang='lat' dir='ltr'><strong>Dionysii...</strong></span> <span class='ocrx_word' id='word_1_306' title='bbox 846 4128 981 4196; x_wconf 77' lang='lat' dir='ltr'><strong>sontibus,</strong></span> <span class='ocrx_word' id='word_1_307' title='bbox 999 4148 1028 4199; x_wconf 91' lang='lat' dir='ltr'><strong>p.</strong></span> <span class='ocrx_word' id='word_1_308' title='bbox 1045 4129 1089 4180; x_wconf 87' lang='grc'><strong>53.</strong></span> 
     </span>
    </p>

    <p class='ocr_par' dir='ltr' id='par_1_11' title="bbox 307 4207 706 4270">
     <span class='ocr_line' id='line_1_38' title="bbox 307 4207 706 4270; baseline 0.005 -12"><span class='ocrx_word' id='word_1_309' title='bbox 307 4209 332 4258; x_wconf 74' lang='grc'><strong>1.</strong></span> <span class='ocrx_word' id='word_1_310' title='bbox 355 4207 411 4260; x_wconf 84' lang='lat' dir='ltr'><strong>Oll.</strong></span> <span class='ocrx_word' id='word_1_311' title='bbox 427 4209 451 4268; x_wconf 90' lang='grc'><strong>1,</strong></span> <span class='ocrx_word' id='word_1_312' title='bbox 470 4209 512 4268; x_wconf 82' lang='lat'><strong>27,</strong></span> <span class='ocrx_word' id='word_1_313' title='bbox 530 4208 625 4270; x_wconf 78' lang='lat'><strong>93-41,</strong></span> <span class='ocrx_word' id='word_1_314' title='bbox 645 4209 706 4260; x_wconf 83' lang='lat'><strong>149.</strong></span> 
     </span>
    </p>

    <p class='ocr_par' dir='ltr' id='par_1_12' title="bbox 270 4286 1336 4440">
     <span class='ocr_line' id='line_1_39' title="bbox 306 4286 1336 4360; baseline 0 -22"><span class='ocrx_word' id='word_1_315' title='bbox 306 4288 331 4338; x_wconf 89' lang='lat'><strong>3.</strong></span> <span class='ocrx_word' id='word_1_316' title='bbox 353 4287 422 4348; x_wconf 89' lang='grc' dir='ltr'>Α11.,</span> <span class='ocrx_word' id='word_1_317' title='bbox 450 4289 492 4347; x_wconf 87' lang='grc'><strong>16,</strong></span> <span class='ocrx_word' id='word_1_318' title='bbox 517 4289 559 4348; x_wconf 89' lang='grc'><strong>11,</strong></span> <span class='ocrx_word' id='word_1_319' title='bbox 586 4289 622 4346; x_wconf 82' lang='grc'><strong>4;</strong></span> <span class='ocrx_word' id='word_1_320' title='bbox 646 4288 679 4339; x_wconf 87' lang='lat' dir='ltr'><strong>cl.</strong></span> <span class='ocrx_word' id='word_1_321' title='bbox 709 4288 825 4350; x_wconf 86' lang='lat' dir='ltr'><strong>Schanz,</strong></span> <span class='ocrx_word' id='word_1_322' title='bbox 853 4286 886 4351; x_wconf 81' lang='lat'><strong>1²,</strong></span> <span class='ocrx_word' id='word_1_323' title='bbox 913 4289 1007 4360; x_wconf 73' lang='lat'><strong>5170,</strong></span> <span class='ocrx_word' id='word_1_324' title='bbox 1029 4308 1057 4359; x_wconf 91' lang='lat' dir='ltr'><strong>p.</strong></span> <span class='ocrx_word' id='word_1_325' title='bbox 1081 4290 1152 4348; x_wconf 84' lang='lat'><strong>332;</strong></span> <span class='ocrx_word' id='word_1_326' title='bbox 1177 4286 1336 4348; x_wconf 79' lang='lat' dir='ltr'><strong>Scbmelrel,</strong></span> 
     </span>
     <span class='ocr_line' id='line_1_40' title="bbox 270 4366 814 4440; baseline 0.004 -22"><span class='ocrx_word' id='word_1_327' title='bbox 270 4386 299 4439; x_wconf 94' lang='lat' dir='ltr'><strong>p.</strong></span> <span class='ocrx_word' id='word_1_328' title='bbox 317 4369 420 4428; x_wconf 78' lang='lat'><strong>18-46;</strong></span> <span class='ocrx_word' id='word_1_329' title='bbox 438 4366 620 4429; x_wconf 86' lang='lat' dir='ltr'><strong>Thiaucourt‚</strong></span> <span class='ocrx_word' id='word_1_330' title='bbox 637 4387 666 4440; x_wconf 87' lang='lat' dir='ltr'><strong>p.</strong></span> <span class='ocrx_word' id='word_1_331' title='bbox 683 4369 814 4420; x_wconf 83' lang='lat'><strong>302-316.</strong></span> 
     </span>
    </p>
   </div>
   <div class='ocr_carea' id='block_1_8' title="bbox 0 0 1538 5050">
    <p class='ocr_par' dir='ltr' id='par_1_13' title="bbox 0 0 1538 5050">
     <span class='ocr_line' id='line_1_41' title="bbox 0 0 1538 5050; baseline 0 0"><span class='ocrx_word' id='word_1_332' title='bbox 0 0 1538 5050; x_wconf 95' lang='lat' dir='ltr'><strong> </strong></span> 
     </span>
    </p>
   </div>
  </div>
 </body>
</html>
