3062 5050
307 555 308 558 Ἴ
371 486 386 559 §
406 489 432 544 5.
454 520 486 554 ,-
506 503 610 544 curren
630 503 797 546 oocrnrnmc
815 503 967 544 cmunoms
987 503 1115 544 rnorem
1241 487 1274 544 87

253 641 350 721 ltem,
375 660 451 705 cum
475 637 581 705 Attici
606 660 706 704 aures
736 661 802 704 non
832 643 1001 717 tenerent,
1033 659 1099 704 non
1127 636 1226 704 modo
1255 659 1275 703 a

206 777 332 822 corona
353 753 414 821 sed
434 753 537 821 etiam
555 752 597 820 ab
613 752 790 821 advocatis
807 753 1047 820 desererentur
1063 753 1086 834 ¹,
1103 752 1177 842 ipse
1192 776 1275 820 vcro

207 879 337 937 attente
357 878 391 936 et
412 891 544 935 summo
564 867 714 935 omnium
736 869 860 957 plausu
881 867 1068 949 audiretur,
1086 877 1276 934 commonet

206 985 240 1053 id
255 985 368 1075 ipsum
382 983 456 1051 veri
472 983 619 1051 oratoris
634 983 810 1074 proprium
826 1006 904 1050 esse
922 1008 929 1049 ε
947 982 1072 1073 populo
1092 983 1226 1073 plaeere
1247 985 1272 1048 2.

207 1100 312 1170 Attici
330 1099 557 1167 multitudinis
573 1098 734 1166 iudicium
750 1099 848 1188 parvi
864 1099 1047 1180 faciebant,
1067 1099 1159 1166 solos
1174 1098 1274 1167 intel-

201 1218 362 1308 legentes
383 1216 424 1283 de
439 1224 575 1284 oratore
595 1214 772 1305 probando
795 1226 854 1282 aut
879 1215 1104 1305 improbando
1123 1215 1273 1283 iudicare

206 1357 309 1423 posse
331 1331 601 1414 contendebant;
624 1331 746 1400 Cicero
771 1332 984 1414 demonstrat
1003 1331 1274 1421 intellegentium

206 1448 368 1516 iudicium
389 1471 464 1515 cum
485 1447 712 1515 multitudinis
733 1470 921 1537 congruere
941 1451 965 1512 ³.
990 1447 1027 1514 ld
1052 1470 1119 1514 non
1140 1446 1274 1514 aliunde

207 1563 354 1654 sumpsit
370 1563 431 1630 sed
447 1563 490 1629 ad
506 1586 604 1629 suam
620 1562 850 1629 defensionem
870 1561 1090 1653 excogitavit.

253 1683 346 1746 Haec
360 1677 604 1746 tamenomnia
620 1677 751 1744 minora
765 1703 772 1759 ;
786 1678 858 1768 jam
872 1678 1077 1745 veniendum
1093 1687 1146 1744 est
1162 1677 1205 1744 ad
1216 1678 1274 1745 eli-

1343 967 1367 1032 J
1378 1000 1381 1005 .

206 1794 288 1886 quid
303 1795 426 1861 maius.
445 1793 584 1863 Oratori
600 1794 782 1861 multarum
798 1818 911 1860 rerum
927 1793 1105 1861 scientiam
1118 1817 1274 1860 necessa·
1361 1857 1363 1861 .

206 1910 292 1977 riam
322 1934 399 1977 esse
429 1910 549 1979 Cicero
580 1911 745 1992 affirmat,
776 1934 863 2001 quae
898 1909 1097 2000 disciplinae
1128 1910 1273 1977 maxime

205 2025 423 2094 necessariae
458 2025 526 2093 sint
560 2050 663 2115 saepe
693 2036 936 2094 commemorat
963 2027 986 2094 4.
1019 2025 1273 2116 Philosophiam

206 2141 344 2232 quidem
360 2141 394 2209 in
406 2141 526 2232 primis
542 2141 669 2208 oratori
686 2142 861 2208 colendam
876 2151 985 2231 putat,
998 2141 1059 2208 sed
1071 2142 1124 2208 ius
1134 2165 1274 2232 ,quoque
1342 2167 1345 2171 ·

206 2257 305 2325 civile
340 2257 615 2349 perdiscendum,
655 2257 834 2324 historiam
872 2258 1034 2325 memoria
1076 2257 1271 2338 tenendam,

207 2384 321 2441 cetera
336 2397 470 2464 quoque
490 2397 558 2441 non
578 2373 807 2464 neglegenda.
826 2373 1064 2464 Philosophiae
1085 2373 1273 2440 necessita-

206 2499 275 2556 tem
291 2513 311 2556 a
327 2491 469 2557 Platone
485 2499 518 2556 et
534 2489 720 2556 Academia
736 2513 812 2556 eum
828 2488 990 2556 didicisse
1007 2488 1133 2556 scimus
1148 2489 1177 2571 5;
1190 2487 1273 2555 iuris

205 2629 300 2688 vero,
314 2605 489 2688 historiae,
503 2616 760 2696 ceterarumque
773 2628 886 2672 rerum
902 2604 1149 2673 commendatio
1164 2603 1273 2694 ipsius

208 2745 284 2788 esse
299 2721 438 2811 propria
452 2721 599 2789 videtur.

252 2836 438 2905 Contendit
461 2837 598 2928 quidem
621 2837 675 2904 vir
698 2837 930 2918 doctissimus
951 2861 1018 2904 von
1038 2836 1170 2919 Arnim,
1186 2835 1273 2903 hanc

206 2952 305 3044 quasi
326 2953 479 3020 discendi
498 2953 664 3021 rationem
689 2978 709 3020 a
734 2953 873 3020 Philone
896 2953 1125 3043 excogitatam
1149 2975 1227 3019 esse
1246 2955 1270 3018 ⁶.

207 3069 273 3137 Sed
288 3068 322 3136 id
333 3069 425 3136 nullo
441 3079 643 3160 argumento
659 3070 840 3159 probatum
851 3078 905 3136 est
917 3071 941 3135 7.
956 3073 1074 3160 Neque
1091 3068 1272 3159 quicquam

205 3184 273 3252 tale
301 3184 422 3254 Cicero
454 3185 523 3252 ullo
551 3186 656 3253 verbo
687 3185 907 3275 significavit,
939 3208 1015 3252 cum
1048 3163 1162 3252 talnen
1192 3184 1272 3277 quid

208 3299 340 3368 Philoni
357 3299 497 3368 deberet
510 3301 646 3367 minime
663 3300 773 3368 celare
789 3311 969 3368 conaretur
979 3303 992 3348 ⁸
1002 3311 1036 3367 et
1051 3301 1272 3368 auctoritates

207 3440 308 3506 quarn
323 3416 487 3507 plurimas
503 3417 649 3484 libenter
664 3416 812 3484 afferret.

243 3642 266 3690 l.
284 3641 377 3702 Brut,
393 3642 435 3702 84,
454 3641 514 3693 289.

242 3722 267 3771 2.
284 3721 561 3782 Brut.‚49‚183-54,
580 3722 641 3772 200.

241 3801 267 3851 3.
284 3801 376 3860 Brut.¹
392 3798 465 3851 ltid.

242 3880 265 3930 4.
285 3881 386 3950 Supra,
403 3899 433 3950 p,
450 3881 492 3930 14.

242 3961 267 4011 5.
285 3959 386 4029 Supra,
403 3979 431 4029 p.
449 3961 544 4011 22-24.

241 4040 266 4090 6.
283 4038 344 4098 Dio,
360 4057 388 4108 p.
404 4040 516 4091 97-111.

242 4120 266 4170 7.
283 4118 327 4170 Cf.
354 4119 389 4170 Η.
415 4119 502 4179 Weil,
527 4117 637 4172 Etudes
661 4137 712 4172 sur
736 4120 898 4193 l’antiquite‘
923 4139 1052 4194 grecque,
1079 4141 1108 4192 p.
1135 4123 1269 4183 rso-mm

208 4197 320 4260 Curcio,
337 4201 374 4250 Le
387 4215 470 4271 opere
487 4199 633 4259 ramiche,
652 4219 680 4270 p.
699 4202 829 4251 119-122.

241 4279 266 4329 8.
283 4279 376 4340 Brut,
395 4280 437 4340 89,
455 4280 525 4338 3063
543 4280 638 4341 Tusc,
657 4281 681 4342 2,
702 4281 726 4343 3,
749 4281 783 4340 9;
804 4281 867 4332 Nat.
890 4281 987 4345 Deon,
1010 4284 1034 4344 1,
1057 4284 1081 4345 3,
1100 4285 1131 4344 6;
1149 4284 1191 4336 De
1207 4283 1269 4346 On,
