3062 5050
277 466 311 523 48
392 483 486 524 CAPUT
504 483 546 524 111.
567 497 600 506 -
621 483 689 534 QUID
709 484 942 527 aucuuuoaiuus
961 484 1064 526 CICERO
1084 485 1231 526 ussusalr

276 775 289 849 5
312 770 344 834 2.
367 807 411 818 —
435 771 546 850 Quid
568 771 773 839 Asiaticis
797 771 1068 855 Rhodiisque
1090 771 1340 838 rhetoribus

703 888 913 955 debuerit.

321 1079 493 1148 Asiaticos
509 1079 663 1148 rhetores
675 1079 796 1149 Cicero
811 1079 999 1171 magistros
1014 1080 1149 1164 habuit;
1163 1080 1335 1171 Menipp0,

277 1194 456 1288 Dionysio,
478 1196 661 1288 Aeschylo,
684 1196 827 1264 Xenocli
847 1218 984 1287 operam
1000 1196 1094 1265 dedit
1110 1199 1119 1244 ¹
1135 1223 1142 1279 ;
1159 1197 1222 1264 has
1243 1220 1338 1263 exer-

275 1310 454 1378 citationes
470 1311 518 1378 ita
533 1311 567 1379 in
583 1315 695 1380 Bruto
711 1324 953 1380 commemorat
971 1322 1010 1379 ut
1027 1337 1064 1380 se
1080 1312 1177 1380 exiis
1193 1314 1337 1381 fructum

274 1450 341 1495 non
365 1427 569 1495 mediocrem
593 1427 789 1518 percepisse
813 1427 996 1519 significet.
1018 1431 1199 1520 Nunquam
1223 1439 1338 1496 tamen

273 1544 378 1610 ullam
415 1543 604 1612 rhetoricae
643 1544 818 1612 doctrinae
858 1555 989 1634 partem
1022 1569 1059 1612 se
1097 1545 1140 1612 ab
1174 1545 1337 1612 Asiaticis

275 1658 466 1749 sumpsisse
486 1670 661 1728 memorat.
684 1663 755 1728 Nec
777 1660 898 1728 mirum
923 1686 930 1728 :
952 1660 1097 1728 Asiatici
1117 1660 1205 1728 enim
1224 1659 1337 1751 potius

274 1775 516 1843 exercitatione
548 1786 702 1844 oratores
737 1776 915 1844 instituere
949 1787 982 1844 et
1015 1777 1139 1843 llumen
1173 1775 1336 1844 orationis

274 1915 402 1983 augere
425 1891 599 1982 verbaque
619 1915 783 1959 exornare
806 1915 908 1984 quam
932 1891 1111 1961 subtiliora
1131 1891 1216 1960 artis
1238 1916 1336 1982 prae-

274 2018 373 2098 cepta
389 2008 542 2075 excolere
559 2008 727 2076 solebant.

319 2123 458 2215 Aliquid
483 2134 598 2191 tamen
628 2124 662 2191 in
687 2123 841 2192 Asiatica
867 2123 1060 2216 eloquentia
1085 2125 1337 2216 frequentatum

274 2263 341 2308 non
356 2240 455 2308 modo
470 2263 535 2307 usu
551 2239 668 2308 didicit
684 2240 744 2307 sed
759 2240 834 2330 ipse
850 2241 893 2308 ad
908 2241 1094 2331 perlectam
1109 2241 1336 2332 eloquentiam

273 2354 506 2422 necessarium
534 2379 611 2424 esse
637 2355 751 2423 docuit
778 2381 785 2422 :
811 2356 999 2423 clausulam
1028 2379 1255 2424 numerosam.
1286 2359 1336 2423 Ex

272 2470 379 2540 variis
398 2471 542 2561 pedibus
558 2470 682 2562 quibus
698 2471 868 2539 sententia
882 2471 1057 2539 terminari
1076 2483 1189 2563 potest
1208 2496 1351 2562 paucos·

272 2587 417 2655 Asiatici
433 2588 629 2678 selegerant
646 2614 652 2655 :
671 2587 867 2655 dichoreum
881 2588 1063 2679 praecipue
1078 2589 1293 2679 usurpabant
1308 2590 1332 2667 ²,

273 2703 398 2771 cretico
413 2727 546 2794 quoque
563 2713 596 2771 et
611 2703 684 2770 eius
700 2703 834 2795 aequali
849 2727 978 2794 paeane
995 2728 1098 2795 saepe
1113 2704 1332 2772 utebantur3.

274 2819 422 2886 Easdem
451 2819 624 2887 clausulas
656 2819 777 2888 Cicero
809 2819 932 2888 ceteris
964 2843 1099 2911 semper
1128 2819 1333 2910 anteposuit,

273 2934 529 3002 accuratissime
560 2945 639 3025 post
668 2935 813 3003 reditum
841 2959 883 3002 ex
910 2936 995 3004 Asia
1024 2945 1240 3002 consectatus
1268 2945 1332 3002 est.

273 3053 360 3119 Cum
379 3072 462 3118 vero
483 3049 517 3117 in
537 3051 683 3118 Oratore
707 3051 748 3118 de
773 3074 956 3118 numerosa
980 3050 1132 3118 oratione
1153 3059 1335 3141 praecepta

272 3166 365 3234 dedit
401 3176 473 3233 tum
506 3189 565 3234 eas
599 3166 771 3234 clausulas
805 3166 1054 3234 commendavit
1090 3189 1176 3258 quas
1208 3165 1334 3234 scimus

271 3282 435 3350 Asiaticis
459 3282 654 3350 oratoribus
676 3281 820 3349 maxime
847 3282 1032 3372 probatas,
1057 3281 1202 3373 primum
1225 3282 1334 3349 locum

270 3398 430 3467 dichoreo
450 3397 556 3481 dedit,
579 3421 655 3464 eum
675 3397 797 3465 cadere
816 3398 991 3488 praeclare
1011 3397 1210 3479 declaravit,
1234 3397 1275 3464 de
1296 3418 1334 3463 eo

271 3515 369 3605 plura
398 3513 482 3581 dixit
510 3536 612 3605 quarn
642 3514 683 3581 de
714 3513 784 3580 ulla
817 3513 884 3581 alia
914 3513 1080 3593 clausula,
1113 3536 1189 3579 cum
1221 3522 1333 3580 tamen

271 3639 423 3697 moneret
444 3629 641 3720 fugiendam
660 3628 694 3695 in
715 3651 753 3696 eo
772 3628 971 3719 usurpando
991 3651 1067 3696 esse
1088 3628 1282 3695 satietatem
1296 3627 1332 3706 4;

306 3864 331 3914 1.
348 3863 441 3922 Brut,
456 3863 499 3922 91,
517 3862 653 3920 315-3lo;
672 3879 767 3930 supra,
784 3880 812 3930 p.
830 3861 889 3911 4-5.

306 3943 331 3992 2.
349 3941 411 4000 Or.,
428 3943 472 4001 63,
488 3942 556 3998 212;
572 3940 690 4005 Quintil.
709 3941 734 4000 9,
750 3942 775 4000 4,
793 3941 862 3999 103;
880 3939 972 3991 Rulin.
990 3937 1070 3992 utet.
1089 3939 1151 4000 tat,
1170 3959 1198 4010 p.
1215 3939 1333 3998 58210-

271 4022 314 4072 12.
338 4020 482 4072 Asiaticos
503 4021 615 4072 videtur
639 4020 805 4090 impugnare
829 4019 878 4090 qui
901 4020 1018 4090 scripsit
1039 4019 1144 4071 librum
1168 4017 1229 4093 περὶ
1249 4015 1334 4090 ὕψους

271 4119 333 4152 cum
346 4100 512 4153 dichoreum
527 4101 669 4169 vituperat
685 4100 740 4166 (41,
758 4099 795 4166 1).

301 4182 327 4232 3.
354 4181 478 4243 Norden,
503 4199 531 4250 p.
561 4180 698 4239 llo-141;
726 4179 759 4230 E.
789 4179 903 4241 Miiller,
928 4181 970 4232 De
993 4195 1109 4232 numero
1139 4177 1330 4237 Ciceroniana,

270 4280 288 4331 p
305 4340 331 4396 4.
348 4339 410 4402 Or.,
425 4341 468 4402 63,
486 4339 619 4398 aia-alm
634 4337 669 4389 cs.
685 4337 766 4399 infra,
781 4357 809 4408 p.
827 4338 888 4389 102.
