3062 5050
287 452 340 508 112
538 469 574 509 or
592 468 738 510 rutilans
758 468 923 510 nnnronrcn
943 468 1099 510 conctusro

287 600 408 669 hibuit.
445 605 571 669 Postea
603 624 686 670 vero
716 603 784 669 lere
814 602 939 686 omnia,
970 626 1057 693 quae
1086 601 1205 672 Cicero
1235 601 1352 693 magni

288 719 427 802 fecerat,
444 717 610 786 derelicta
627 728 718 786 sunt.
736 718 838 809 Apud
855 745 871 782 <‹
890 719 1058 786 libatores
1074 720 1222 786 Latinos
1239 720 1352 786 utino-

288 857 344 901 ιτς
366 861 382 897 »
404 833 486 902 nihil
507 835 576 901 lere
597 834 769 901 invenitur
788 833 854 901 nisi
873 845 1057 926 praecepta
1075 834 1171 902 artis.
1191 838 1296 902 luuno
1311 859 1353 901 ex

289 949 465 1018 Ciceronis
495 949 633 1041 scriptis
664 974 705 1017 ea
733 949 857 1040 quibus
886 974 984 1017 suurn
1013 949 1212 1017 instituendi
1242 974 1351 1042 genus

287 1066 528 1157 propugnabat
546 1066 712 1156 paulatim
734 1067 803 1133 lere
823 1065 992 1133 oblivione
1012 1066 1135 1133 obruta
1155 1076 1252 1145 sunt,
1274 1066 1351 1133 libri

286 1205 369 1249 vero
395 1182 436 1249 de
461 1181 674 1264 Inventione,
700 1205 786 1271 quos
813 1191 851 1249 ut
872 1192 984 1250 aetate
1012 1204 1075 1248 sua
1104 1206 1236 1274 usuque
1263 1181 1351 1249 indi·

288 1320 375 1388 gnos
393 1296 578 1381 abiecerat,
599 1297 708 1388 pluris
728 1296 801 1364 fieri
826 1307 1031 1388 coeperunt;
1052 1297 1094 1364 de
1116 1297 1159 1364 iis
1181 1321 1350 1365 cornrncn·

286 1413 366 1481 tarii
380 1412 574 1505 longissimi
589 1424 622 1480 et
638 1412 853 1480 subtilissimi
869 1412 1012 1481 conlecti
1029 1423 1129 1497 suut;
1149 1437 1190 1480 ne
1205 1413 1349 1505 denique

286 1529 468 1620 quicquam
496 1528 633 1597 deesset
661 1529 709 1596 illi
737 1529 838 1620 quasi
861 1528 1002 1610 ironiae,
1026 1553 1114 1620 quae
1138 1530 1240 1597 rebus
1265 1529 1349 1619 ipsis

286 1644 452 1727 inhaeret,
475 1644 632 1714 Ciceroni
656 1645 784 1713 tributa
809 1656 862 1713 est
885 1669 955 1713 una
976 1669 1018 1712 ex
1037 1644 1090 1712 his
1111 1645 1243 1712 artibus
1264 1669 1349 1736 quas

286 1761 360 1853 ipse
385 1762 662 1852 aspernabatur;
694 1786 755 1853 per
783 1761 890 1829 multa
919 1762 1068 1844 saecula,
1099 1785 1175 1829 curn
1202 1761 1280 1828 libri
1308 1761 1349 1828 de

287 1879 446 1962 Oratore,
478 1881 619 1961 Brutus,
649 1879 776 1946 Orator
803 1877 838 1944 in
871 1877 1022 1945 tenebris
1053 1876 1215 1959 iacerent,
1247 1901 1349 1968 saepe

286 1994 515 2061 laudabantur
526 1993 702 2062 Ciceronis
721 2021 737 2056 ι(
754 1993 923 2060 rhetorica
938 1993 1048 2084 prima
1063 2021 1079 2057 n
1098 2003 1131 2060 et
1148 2020 1164 2057 <‹
1181 1993 1350 2061 rhetorica

287 2110 437 2178 secunda
457 2138 489 2192 n,
506 2110 540 2177 id
556 2120 609 2178 est
623 2109 701 2176 libri
716 2109 757 2176 de
779 2109 978 2178 inventione
998 2110 1122 2201 quibus
1141 2109 1229 2200 ipse,
1246 2118 1284 2177 ut
1303 2109 1350 2176 ait

286 2225 530 2313 Quintilianus,
559 2225 645 2292 alios
672 2224 976 2293 «substituerat»
1003 2236 1036 2294 et
1057 2225 1135 2292 libri
1160 2225 1202 2292 ad
1224 2229 1349 2292 Hereu-

285 2342 378 2409 nium
394 2365 479 2432 quos
495 2343 637 2410 artibus
652 2341 851 2409 exilioribus
866 2341 1125 2409 adnumerabat.
1141 2345 1217 2410 Nou
1234 2351 1349 2408 tamen

285 2458 359 2526 eius
386 2456 517 2526 inutilis
541 2458 638 2524 labor
661 2457 724 2525 luit
750 2483 757 2524 :
790 2458 928 2526 tandem
958 2457 1047 2526 enim
1076 2458 1202 2524 lactum
1231 2468 1285 2525 est
1312 2468 1350 2525 ut

285 2587 449 2666 quantum
483 2573 556 2644 eius
590 2573 744 2642 doctrina
780 2574 1005 2666 scriptoribus
1038 2574 1123 2641 artis
1157 2583 1350 2665 praestaret

287 2699 542 2780 agnosceretur.

598 3101 676 3182 VU,

482 3241 513 3308 le
531 3243 551 3308 6
568 3265 660 3310 mars
681 3243 766 3310 1906
784 3267 791 3309 :

284 3388 329 3450 Le
348 3388 470 3476 Dopen
490 3386 533 3451 de
554 3384 591 3450 la
612 3386 761 3452 Facultc'
777 3387 840 3453 des
859 3389 993 3454 Lettres

399 3484 442 3549 de
458 3482 683 3550 l'Uuicersite'
697 3484 740 3549 de
755 3484 875 3564 Paria,

520 3634 563 3701 A.
586 3634 752 3703 Caorssr.

812 3927 862 3990 VU
878 3948 917 3989 ET
933 3949 1046 3990 Pennis
1062 3930 1250 3990 n’tuemlffln
1267 3950 1274 3991 :

748 4064 794 4127 Le
814 4061 1058 4130 Vico-Hecteur
1072 4064 1115 4130 de
1132 4063 1349 4130 l'Academie

957 4161 1001 4227 de
1015 4161 1152 4239 Paria„
1238 4257 1240 4262 Ι

1058 4313 1098 4378 L.
1120 4314 1243 4378 Linus.
