3086 5040
295 449 330 520 lss
365 479 458 519 CAPUT
468 479 487 518 l.
501 491 533 502 ··
544 478 652 528 Qucum
667 478 768 518 ARTEM
783 477 974 518 Rueronlcnm
988 479 1021 518 M.
1033 478 1155 519 TULLIUS
1168 467 1293 518 receuti·
1375 485 1377 488 '

297 612 449 682 dicentes
481 612 611 695 lecerit,
645 635 733 703 quae
765 611 808 678 ab
833 612 940 679 altero
975 610 1155 692 affirmata,
1188 611 1231 677 ab
1260 610 1368 677 altero

297 739 477 820 negentur,
517 752 605 820 quae
647 728 756 819 primo
782 735 926 820 'negata
963 736 1085 816 postea
1123 725 1365 794 concedantur.

296 845 463 912 Memoria
488 868 622 936 quoque
645 845 829 912 tenendum
851 854 916 926 est,
943 841 1034 932 quod
1057 851 1135 910 ante
1160 842 1365 922 monuimus,

296 961 496 1031 Ciceronem
518 960 552 1026 id
575 960 748 1051 egissent
772 983 874 1051 quam
895 957 1031 1027 minime
1053 957 1237 1025 averitate
1256 956 1368 1024 disce-

294 1073 390 1140 deret
407 1075 431 1138 ¹.
455 1072 612 1140 Timebat
628 1071 717 1139 enim
733 1095 774 1138 ne
790 1094 811 1139 a
825 1070 942 1140 multis
958 1073 1267 1164 reprehenderetur
1281 1073 1311 1141 si
1326 1097 1367 1141 ea

295 1191 462 1258 Crassum
486 1187 739 1278 Antoniumque
764 1187 916 1256 dicentes
941 1189 1118 1258 induceret
1142 1213 1229 1280 quae
1256 1190 1298 1256 ab
1322 1189 1365 1256 iis

295 1328 430 1395 semper
458 1304 617 1394 ignorata
643 1303 749 1371 luisse
778 1315 953 1372 constaret
974 1332 981 1388 ;
1008 1317 1126 1373 notum
1151 1316 1266 1373 autem
1292 1316 1366 1373 erat

293 1420 451 1488 omnibus
471 1429 627 1490 neutrum
649 1419 794 1488 Graecis
816 1419 1007 1511 disciplinis
1027 1421 1179 1490 voluisse
1199 1421 1366 1488 imbutum

292 1535 401 1604 videri
423 1538 448 1618 2,
476 1537 643 1605 Crassum
664 1535 813 1603 edixisse
835 1545 872 1602 ut
894 1535 1049 1604 rhetores
1073 1536 1186 1604 Latini
1208 1560 1249 1603 ex
1271 1537 1365 1605 Urbe

292 1653 500 1743 pellerentur
523 1655 547 1717 3.
576 1655 696 1741 ltaque
721 1675 788 1718 non
812 1651 905 1719 nulla
930 1676 971 1719 ex
993 1652 1036 1719 iis
1058 1676 1146 1743 quae
1168 1652 1201 1719 in
1227 1651 1365 1743 dialogo

293 1768 384 1836 dieta
398 1767 498 1859 lingit
512 1767 639 1836 idcirco
653 1777 827 1857 ponuntur
842 1778 880 1835 ut
894 1769 1024 1836 veritas
1041 1778 1180 1837 servata
1192 1769 1362 1836 videatur.

294 1884 442 1952 Facilius
471 1906 554 1952 vero
583 1882 761 1952 Ciceronis
794 1882 966 1950 sententia
993 1907 1035 1950 ex
1063 1883 1246 1974 prooemiis
1274 1884 1299 1966 4,
1329 1883 1364 1950 in

293 2001 417 2092 quibus
437 1999 511 2090 ipse
532 1999 694 2089 loquitur,
716 1997 870 2090 intellegi
890 2008 1016 2089 potest.

291 2189 409 2231 conatus
429 2187 482 2230 est.
504 2177 677 2230 Brevissime
698 2178 892 2247 quaestionem
910 2179 980 2231 hanc
1001 2179 1185 2232 absolverunt
1204 2181 1253 2250 qui
1270 2180 1363 2233 libros

291 2260 326 2311 de
351 2258 474 2311 Oratore
496 2258 542 2310 his
562 2257 742 2328 temporibus
765 2259 924 2311 ediderunt.
949 2259 1177 2329 Diligentissima
1198 2278 1265 2312 vero
1288 2279 1362 2312 unus

290 2339 360 2390 mihi
375 2340 487 2390 videtur
502 2356 566 2412 eam,
579 2356 637 2389 rem
654 2337 843 2406 investigasse
858 2339 891 2390 B.
908 2337 942 2390 A.
960 2340 1060 2400 Nauta,
1079 2341 1107 2391 in
1122 2339 1222 2392 libello
1237 2341 1286 2411 qui
1302 2341 1362 2392 ins-

290 2418 412 2471 cribitur
434 2438 439 2469 ε
463 2418 621 2492 Responsio
642 2416 682 2469 ad
702 2418 930 2490 quaestionem...
956 2436 992 2471 ex
1015 2419 1050 2471 iis
1072 2437 1147 2492 quae
1169 2419 1198 2472 in
1219 2419 1301 2472 libris
1326 2419 1362 2472 de

293 2501 414 2551 Oratore
436 2516 453 2550 a
477 2501 589 2556 Crasso,
613 2497 746 2556 Antonio,
775 2499 906 2557 Caesare,
933 2497 1001 2550 aliis
1022 2498 1059 2551 de
1081 2498 1243 2571 eloquentia
1259 2497 1360 2574 dispu-

291 2585 396 2636 tantur,
422 2577 512 2652 ipsius
534 2577 674 2643 efficiatur
695 2577 837 2629 Ciceronis
859 2576 895 2629 de
912 2578 1041 2652 perfecto
1068 2587 1181 2631 oratore
1206 2578 1358 2631 sententia.

291 2659 348 2709 Nec
370 2657 528 2727 spernenda
546 2675 617 2726 quae
638 2655 764 2708 breviter
782 2665 810 2708 et
829 2666 910 2708 acute
926 2658 1032 2708 notavit
1048 2657 1202 2710 Munscher
1217 2657 1246 2708 in
1261 2656 1360 2711 libello

288 2737 337 2808 qui
353 2735 521 2788 inscribitur
536 2736 710 2810 Disputatur
723 2734 758 2789 de
772 2753 803 2788 eo
819 2735 880 2788 loco
941 2755 969 2806 p.
980 2737 1044 2789 -3-1.

325 2820 350 2868 1.
372 2818 435 2868 Non
450 2817 484 2868 de
502 2817 563 2868 Ser.
578 2815 686 2868 Galbae
698 2825 745 2867 aut
758 2816 790 2867 C.
804 2815 945 2868 Carbonis
959 2817 1121 2887 eloquentia
1132 2817 1228 2869 scribo
1240 2818 1357 2888 aliquid,

289 2897 317 2948 in
337 2914 393 2967 quo
411 2896 495 2948 liccat
515 2896 584 2947 mihi
601 2896 718 2964 lingere,
737 2896 761 2946 si
777 2896 846 2966 quid
861 2896 954 2957 velim,
971 2897 1078 2949 nullius
1094 2897 1299 2950 memorialem
1315 2915 1358 2949 me

288 2977 445 3036 refellente,
464 2977 513 3028 sed
529 2976 583 3028 edo
598 2975 667 3027 haec
683 2976 719 3027 iis
735 2977 932 3044 cognoscenda
948 2977 996 3048 qui
1016 2996 1066 3030 eos
1085 2978 1176 3049 ipsos,
1199 2979 1234 3030 de
1254 2977 1358 3048 quibus

288 3057 401 3127 loquor,
423 3075 508 3126 saepe
528 3056 696 3114 audierunt;
715 3065 746 3107 ut
763 3056 836 3107 duos
858 3075 984 3109 summos
1004 3058 1081 3110 viros
1101 3059 1137 3109 iis
1160 3059 1208 3129 qui
1228 3067 1357 3110 neutrum

289 3137 404 3188 illorum
428 3137 560 3195 viderint,
587 3154 685 3188 eorum
710 3135 816 3205 quibus
839 3135 923 3188 ambo
945 3137 988 3188 illi
1010 3147 1140 3190 oratores
1161 3138 1268 3206 cogniti
1290 3137 1355 3198 sint,

288 3217 414 3268 vivorum
431 3225 458 3268 et
473 3216 666 3286 praesentium
681 3215 818 3267 memoria
835 3225 916 3277 teste,
934 3218 1173 3269 commendemus.
1191 3218 1232 3269 De
1248 3217 1310 3278 Or.,
1328 3218 1353 3278 2,

288 3297 313 3356 2,
330 3296 356 3347 9.
372 3296 415 3348 cf.
431 3295 500 3356 att,
517 3297 541 3346 4.
559 3297 601 3356 16,
619 3296 645 3346 3.

324 3377 349 3426 2.
372 3377 427 3429 Sed
442 3375 495 3427 tuit
510 3376 563 3427 hoe
579 3376 607 3426 in
622 3384 744 3445 utroque
758 3392 866 3434 eorum,
883 3385 914 3427 ut
932 3378 1052 3428 Crassus
1068 3395 1123 3429 non
1134 3386 1190 3428 tam
1201 3377 1355 3429 existimari

288 3454 373 3508 vellet
388 3474 443 3508 non
459 3456 607 3514 didicisse,
624 3473 708 3525 quam
724 3454 774 3506 illa
788 3455 938 3526 despicere
953 3465 980 3508 et
995 3465 1156 3509 nostrorum
1171 3455 1313 3509 bominum
1329 3456 1356 3509 in

288 3535 363 3586 omni
369 3553 473 3605 genere
478 3533 665 3610 prudentiam
677 3534 792 3586 Craecis
802 3535 946 3602 anteferre
952 3557 961 3595 ,·
970 3535 1110 3589 Antonius
1120 3545 1212 3589 autem
1221 3535 1355 3606 probabi-

288 3614 389 3667 liorem
405 3615 458 3667 hoc
473 3615 581 3686 populo
598 3615 756 3666 orationem
770 3614 830 3666 tore
846 3614 980 3666 censebat
996 3634 1085 3676 suam,
1103 3617 1128 3667 si
1148 3615 1259 3668 omnino
1277 3614 1355 3668 didi-

288 3694 361 3746 cisse
377 3712 522 3767 nunquam
536 3703 704 3764 putaretur;
722 3703 806 3764 atque
820 3695 860 3745 ita
875 3712 905 3746 se
924 3704 1044 3764 uterque
1063 3696 1221 3764 graviorem
1241 3695 1310 3756 sore,
1331 3696 1354 3747 si

287 3774 360 3826 alter
384 3783 564 3833 contemnere,
584 3774 656 3826 alter
680 3791 713 3825 ne
738 3791 824 3825 nosse
849 3774 964 3844 quidem
987 3777 1112 3828 Graecos
1134 3776 1288 3828 videretur.
1314 3774 1354 3827 De

287 3853 350 3914 Or.,
368 3855 393 3914 2,
411 3856 436 3914 1,
452 3854 477 3904 4.

322 3935 348 3984 3.
371 3934 461 3994 Suet,
472 3934 513 3985 De
524 3931 606 3993 rhet,
619 3935 649 3992 1;
663 3933 737 3994 Gell,
752 3934 794 3992 15,
807 3935 850 3992 11,
864 3934 889 3984 2.
903 3933 947 3985 cf.
959 3934 1099 3995 Boissier,
1112 3933 1309 3988 Introduction
1320 3932 1354 3986 de

287 4011 316 4064 la
331 4011 494 4085 rbe'torique
505 4030 628 4084 grecque
643 4013 661 4064 ὰ
676 4013 771 4072 Rome,
789 4012 938 4082 Melanges
951 4015 1060 4072 Perrot,
1076 4033 1105 4084 p.
1125 4016 1229 4072 13-16;
1251 4014 1284 4064 R.
1307 4014 1353 4065 Pi·

287 4092 369 4152 cbon,
391 4091 526 4162 L'affaire
546 4090 596 4144 des
617 4091 744 4144 rhetores
762 4090 855 4150 latini,
877 4093 971 4146 Berua
989 4093 1039 4146 des
1058 4093 1169 4146 Etudes
1190 4092 1350 4152 anciennes,

286 4172 333 4232 Vl,
356 4171 434 4231 1904,
454 4190 481 4240 p.
502 4172 605 4230 37-11;
625 4172 714 4234 Cima,
739 4171 923 4245 L'eloquenza
947 4173 1040 4227 latina
1052 4173 1149 4249 prima
1165 4173 1196 4226 di
1211 4172 1350 4232 Cicerone,

287 4270 314 4320 p.
335 4252 462 4302 179-180.

322 4331 345 4381 4.
369 4330 932 4392 DeOr.‚1,t,1-6,23;2,1,1-3,11.
