3062 5050
606 439 621 514 ξ
641 442 666 499 1,
690 473 722 481 -
742 439 833 502 Θέσεις
1218 441 1253 498 93

221 593 454 654 Ornatissimae
479 601 552 654 sunt
576 591 677 674 igitur
700 591 862 653 orationes
892 610 948 652 eae
977 611 1058 673 quae
1087 590 1253 652 latissume

182 690 344 766 vagantur
364 690 396 742 et
411 701 429 742 a
444 681 569 763 privata
584 690 616 741 et
631 701 650 742 a
668 680 828 763 singulari
842 679 1059 741 controversia
1075 700 1110 740 se
1126 679 1165 740 ad
1181 679 1253 740 uni-

180 770 265 832 versi
289 771 418 853 generis
441 771 506 830 vim
531 769 755 852 explicandam
781 767 948 830 conferunt
971 777 1003 830 et
1022 777 1252 830 convertunt...

181 858 228 920 ne
250 859 319 933 or..
341 865 371 933 a,
394 863 443 933 30,
468 863 542 933 1203
566 858 606 920 ct.
628 863 657 932 2,
679 863 728 932 31,
753 861 902 932 133-134;
924 861 953 931 2,
970 861 1019 931 32,
1039 861 1106 918 140.

222 947 333 1028 (Nemo
359 949 476 1029 erat)...
503 948 557 1030 qui
587 946 720 1008 dilatare
750 956 860 1028 posset
888 955 983 1028 atque
1012 966 1031 1007 a
1058 946 1189 1028 propria
1217 965 1254 1007 ac

180 1036 310 1098 definita
339 1036 555 1119 disputatione
580 1035 718 1097 hominis
743 1056 780 1096 ac
804 1035 960 1117 temporis
984 1035 1024 1096 ad
1049 1056 1252 1095 communem

180 1128 404 1207 quaestionem
432 1126 578 1188 unt‘ocrsi
599 1127 731 1208 generis
757 1133 917 1186 oratorem
941 1124 1119 1186 traducere.
1146 1123 1249 1198 Brut,

179 1219 228 1288 93,
245 1219 316 1276 322.

220 1303 279 1364 Hic
299 1303 457 1365 excellens
479 1304 606 1385 (orator)
629 1324 647 1364 a
661 1305 812 1385 propriis
825 1304 981 1384 personis
1000 1313 1031 1362 et
1052 1302 1252 1383 temporibus
1312 1367 1314 1371 ,

180 1413 317 1475 semper,
344 1393 370 1454 si
386 1404 508 1474 potest,
536 1404 652 1453 oooeot
674 1394 959 1468 controversiam
982 1391 1078 1452 latius
1103 1391 1187 1451 enim
1212 1390 1251 1452 de

179 1501 298 1564 genere
318 1502 414 1564 quam
435 1481 474 1543 de
493 1492 584 1564 parte
606 1481 785 1565 disceptare
801 1480 885 1555 licet,
903 1489 938 1542 ut
953 1479 1037 1562 quod
1053 1479 1086 1539 in
1100 1479 1250 1541 universo

180 1571 222 1632 sit
250 1571 421 1653 probatum
452 1571 484 1631 id
514 1570 546 1630 in
574 1579 665 1654 parte
700 1570 742 1632 sit
769 1569 899 1652 probari
928 1588 1083 1643 necesse3
1110 1568 1251 1631 —haec

179 1659 279 1743 igitur
300 1660 446 1742 quaestio
469 1679 487 1720 a
510 1659 651 1743 propriis
673 1659 820 1742 personis
843 1667 875 1719 et
896 1657 1095 1740 temporibus
1120 1656 1159 1718 ad
1184 1658 1251 1719 uni-

178 1749 263 1810 versi
287 1748 418 1832 generis
443 1749 620 1809 orationem
642 1747 788 1810 traducta
803 1746 985 1830 appellatur
1004 1755 1086 1818 θέσις.
1109 1746 1177 1821 Or,
1201 1751 1248 1821 14,

179 1841 294 1912 45-4o;
313 1836 352 1899 ct.
370 1842 419 1911 36,
439 1841 588 1912 125·126;
607 1835 701 1920 Top,
719 1843 768 1910 21,
787 1843 834 1899 79.

218 1925 266 1988 Ne
288 1946 338 1987 me
360 1933 462 1986 totum
488 1925 682 2009 aegritudini
704 1925 830 2000 dedam,
853 1925 976 2007 sumpsi
997 1924 1074 1985 mihi
1094 1923 1249 2007 quasdam

177 2024 341 2098 tamquam
362 2023 447 2085 θέσεις
466 2035 547 2097 quae
567 2023 599 2076 ct
618 2023 758 2078 πολιτικαὶ
780 2024 855 2076 sunt
874 2023 906 2075 et
923 2023 1104 2096 temporum
1119 2013 1245 2087 horum,

178 2113 213 2166 ut
234 2113 267 2165 et
288 2103 444 2165 abducam
468 2104 608 2165 animum
631 2103 833 2186 ab‘querelis
856 2102 940 2164 etin
965 2123 1003 2164 eo
1022 2102 1104 2184 ipsc,
1127 2101 1249 2184 dequo

179 2193 297 2276 agitur,
324 2212 485 2253 exercear.
512 2192 576 2253 Eae
602 2202 676 2253 sunt
701 2192 794 2254 huius
824 2191 933 2253 modi:
960 2199 992 2254 Et
1020 2199 1140 2272 μενετέον
1164 2202 1190 2253 ἐν
1213 2202 1248 2272 τῇ

178 2291 299 2367 πατρίδι,
314 2290 533 2365 τυραννουμένης
553 2288 669 2359 αὐτῆς...
686 2281 724 2342 In
743 2283 794 2342 ltl's
813 2301 871 2362 ego
892 2302 942 2341 me
962 2280 1249 2341 consultationibus

178 2392 335 2432 exercens
350 2378 382 2432 et
397 2369 559 2431 disserens
574 2371 606 2430 in
621 2379 790 2452 utramque
806 2377 930 2451 partem
945 2378 1013 2430 tum
1029 2369 1163 2442 Graece,
1180 2378 1248 2430 tum
1291 2366 1293 2370 ’

69 2503 70 2508 ν
178 2459 301 2533 Latine,
332 2468 365 2520 et
392 2458 516 2521 abduco
545 2479 719 2542 parumper
747 2459 888 2520 animum
918 2457 1115 2519 amolestiis
1139 2466 1171 2519 et
1192 2469 1247 2519 τῶν

178 2558 318 2633 προῦργου
337 2576 364 2610 τι
379 2546 533 2610 delibero.
550 2548 630 2623 Att,
648 2554 677 2622 9,
695 2551 732 2621 43
751 2547 789 2608 cl.
807 2554 836 2621 9,
854 2553 883 2621 9,
902 2553 938 2622 1;
960 2546 1000 2618 ad
1021 2545 1143 2624 Quint,
1165 2549 1194 2620 3,
1216 2551 1245 2616 3,

177 2640 329 2720 lilsupra,
347 2659 379 2720 p.
398 2638 463 2718 17);
482 2636 630 2715 Quintil,
650 2643 697 2711 10,
715 2642 743 2711 5,
763 2643 810 2697 11.

217 2725 414 2810 Degustabis
429 2746 533 2809 genus
549 2728 821 2786 exercitationum
837 2746 964 2803 carum,
982 2724 1098 2807 quibus
1112 2723 1158 2785 uti
1174 2743 1246 2784 con·

177 2815 275 2889 suevi,
294 2834 366 2877 cum
383 2835 430 2888 ea,
448 2834 529 2896 quae
545 2814 693 2876 dicuntur
708 2814 740 2874 in
756 2814 874 2875 scholis
890 2825 1002 2885 θετικῶς
1016 2813 1067 2894 (al.
1080 2813 1192 2892 θετικά),
1206 2812 1246 2873 ad

177 2911 321 2964 nostrum
350 2904 411 2965 hoc
439 2903 613 2965 oratorium
643 2903 799 2964 transfero
828 2903 954 2964 dicendi
982 2923 1096 2986 genus.
1128 2900 1243 2962 Parad.

176 2992 337 3054 Prooem..
355 2999 384 3054 5.

223 3139 341 3227 ltaque
361 3144 453 3203 recte
473 3134 706 3221 Quintilianus
723 3135 790 3202 ait:

217 3277 455 3360 (Hermagoras)
479 3276 600 3338 dehac
625 3285 692 3338 arte
717 3276 906 3338 mirabiliter
930 3276 1029 3337 multa
1051 3276 1242 3357 composuit,

176 3386 258 3442 cum,
272 3367 355 3428 sicut
369 3387 408 3428 ex
424 3353 588 3428 Ciceronis
603 3385 730 3450 quoque
746 3366 904 3427 rhetorico
920 3365 1025 3447 primo
1040 3364 1244 3426 manifestum

175 3465 234 3529 est,
256 3456 423 3517 materiam
443 3455 619 3516 rhetorices
638 3455 670 3515 in
686 3455 786 3516 thesis
802 3463 834 3516 et
848 3474 961 3515 causas
977 3453 1131 3514 diviserit.
1150 3452 1244 3531 Quod

175 3544 381 3627 reprehendit
402 3543 525 3618 Cicero,
551 3564 587 3605 ac
609 3543 714 3605 thesin
737 3543 815 3604 nihil
837 3542 877 3604 ad
899 3551 1059 3604 oratorem
1081 3542 1243 3624 pertinere

175 3633 340 3695 contendit
358 3642 523 3716 totumque
545 3632 606 3694 hoc
628 3653 731 3716 genus
753 3633 949 3715 quaestionis
971 3630 1011 3692 ad
1034 3630 1243 3714 philosophos

175 3722 281 3784 relert.
308 3721 371 3784 Sed
394 3743 444 3784 me
466 3721 614 3783 liberavit
636 3720 850 3803 respondendi
874 3719 1076 3793 verecundia,
1103 3729 1134 3780 et
1158 3719 1242 3802 quod

174 3811 243 3893 ipse
263 3810 322 3872 hos
342 3810 442 3872 libros
463 3811 634 3893 improbat,
657 3820 689 3872 et
707 3810 792 3893 quod
812 3810 844 3870 in
865 3810 1000 3871 Oratore
1020 3817 1115 3892 atque
1138 3809 1170 3869 in
1192 3808 1243 3869 his

174 3919 253 3982 quos
269 3899 308 3961 de
324 3900 459 3962 Oratore
475 3900 615 3983 scripsit,
633 3908 665 3962 et
679 3898 819 3983 TopiciS,
837 3899 1004 3982 praecipit,
1021 3906 1057 3959 ut
1071 3919 1090 3958 a
1102 3898 1242 3981 propriis

172 3989 321 4071 personis
341 3998 436 4072 atque
456 3989 655 4073 temporibus
671 4008 840 4051 avocemus
856 3987 1117 4062 controversiam,
1137 4013 1150 4044 ν
1168 3987 1243 4069 quie

175 4103 188 4133 «
212 4076 308 4139 latius
328 4077 433 4139 dicere
453 4078 548 4140 liceat
566 4077 605 4139 de
625 4097 744 4161 genere
760 4098 855 4161 quarn
871 4076 910 4137 de
926 4076 1044 4160 specie,
1062 4084 1094 4138 et
1109 4075 1193 4158 quod
1209 4076 1241 4136 in

175 4191 187 4222 ν
212 4165 363 4227 universo
382 4166 553 4248 probatum
575 4167 627 4240 sit,
651 4166 684 4226 in
705 4174 796 4248 parte
820 4165 991 4248 probatum
1016 4184 1086 4226 esse
1111 4184 1242 4226 necesse

175 4279 187 4310 ν
213 4254 299 4316 sit».
318 4253 465 4333 Quintil,
482 4259 511 4329 3,
529 4260 558 4329 5,
577 4259 681 4316 14-15.
